@article{LooksHHN17,
	author    = {Moshe Looks and
	Marcello Herreshoff and
	DeLesley Hutchins and
	Peter Norvig},
	title     = {Deep Learning with Dynamic Computation Graphs},
	journal   = {CoRR},
	volume    = {abs/1702.02181},
	year      = {2017},
	url       = {http://arxiv.org/abs/1702.02181},
	timestamp = {Wed, 07 Jun 2017 14:41:45 +0200},
	biburl    = {http://dblp.uni-trier.de/rec/bib/journals/corr/LooksHHN17},
	bibsource = {dblp computer science bibliography, http://dblp.org}
}

@article{mlstm,
	author    = {Alec Radford and
	Rafal J{\'{o}}zefowicz and
	Ilya Sutskever},
	title     = {Learning to Generate Reviews and Discovering Sentiment},
	journal   = {CoRR},
	volume    = {abs/1704.01444},
	year      = {2017},
	url       = {http://arxiv.org/abs/1704.01444},
	timestamp = {Wed, 07 Jun 2017 14:43:05 +0200},
	biburl    = {http://dblp.uni-trier.de/rec/bib/journals/corr/RadfordJS17},
	bibsource = {dblp computer science bibliography, http://dblp.org}
}

@Misc{TeXFAQ,
  title =	 {{UK} List of {\TeX} Frequently Asked Questions},
  author =	 {{UK \TeX{} Users Group}},
  year =	 2016,
  howpublished = {\url{http://www.tex.ac.uk}}
}

@Manual{Downes04:amsart,
  title =	 {The \textsf{amsart}, \textsf{amsproc}, and
                  \textsf{amsbook} document~classes},
  author =	 {Michael Downes and Barbara Beeton},
  organization = {American Mathematical Society},
  year =	 2004,
  month =	 aug,
  note =	 {\url{http://www.ctan.org/pkg/amslatex}}
}

@article{gru,
	author    = {Junyoung Chung and
	{\c{C}}aglar G{\"{u}}l{\c{c}}ehre and
	KyungHyun Cho and
	Yoshua Bengio},
	title     = {Empirical Evaluation of Gated Recurrent Neural Networks on Sequence
	Modeling},
	journal   = {CoRR},
	volume    = {abs/1412.3555},
	year      = {2014},
	url       = {http://arxiv.org/abs/1412.3555},
	timestamp = {Wed, 07 Jun 2017 14:40:04 +0200},
	biburl    = {http://dblp.uni-trier.de/rec/bib/journals/corr/ChungGCB14},
	bibsource = {dblp computer science bibliography, http://dblp.org}
}

@Manual{Fiorio15,
  title =	 {{a}lgorithm2e.sty---package for algorithms},
  author =	 {Cristophe Fiorio},
  year =	 2015,
  month =	 oct,
  note =	 {\url{http://www.ctan.org/pkg/algorithm2e}}
}

@Manual{Brito09,
  title =	 {The algorithms bundle},
  author =	 {Rog\'erio Brito},
  year =	 2009,
  month =	 aug,
  note =	 {\url{http://www.ctan.org/pkg/algorithms}}
}

@Manual{Heinz15,
  title =	 {The Listings Package},
  author =	 {Carsten Heinz and Brooks Moses and Jobst Hoffmann},
  year =	 2015,
  month =	 jun,
  note =	 {\url{http://www.ctan.org/pkg/listings}}
}

@Manual{Fear05,
  title =	 {Publication quality tables in {\LaTeX}},
  author =	 {Simon Fear},
  year =	 2005,
  month =	 apr,
  note =	 {\url{http://www.ctan.org/pkg/booktabs}}
}

@Manual{ACMIdentityStandards,
  title =	 {{ACM} Visual Identity Standards},
  organization = {Association for Computing Machinery},
  year =	 2007,
  note =	 {\url{http://identitystandards.acm.org}}
}

@Manual{Sommerfeldt13:Subcaption,
  title =	 {The subcaption package},
  author =	 {Axel Sommerfeldt},
  year =	 2013,
  month =	 apr,
  note =	 {\url{http://www.ctan.org/pkg/subcaption}}
}

@Manual{Nomencl,
  title =	 {A package to create a nomenclature},
  author =	 {Boris Veytsman and Bern Schandl and Lee Netherton
                  and C. V. Radhakrishnan},
  year =	 2005,
  month =	 sep,
  note =	 {\url{http://www.ctan.org/pkg/nomencl}}
}

@Manual{Talbot16:Glossaries,
  title =	 {User Manual for glossaries.sty v4.25},
  author =	 {Nicola L. C. Talbot},
  year =	 2016,
  month =	 jun,
  note =	 {\url{http://www.ctan.org/pkg/subcaption}}
}

@Manual{Carlisle04:Textcase,
  title = 	 {The \textsl{textcase} package},
  author = 	 {David Carlisle},
  month = 	 oct,
  year = 	 2004,
  note = 	  {\url{http://www.ctan.org/pkg/textcase}}}

