%%% ====================================================================
%%%  BibTeX-file{
%%%     author          = "Gerry Murray",
%%%     version         = "1.2",
%%%     date            = "2 April 2012",
%%%     filename        = "acmsmall-sample-bibfile.bib",
%%%     address         = "ACM, NY",
%%%     email           = "murray at hq.acm.org",
%%%     codetable       = "ISO/ASCII",
%%%     keywords        = "ACM Reference Format, bibliography, citation, references",
%%%     supported       = "yes",
%%%     docstring       = "This BibTeX database file contains 'bibdata' entries
%%%                        that 'match' the examples provided in the Specifications Document
%%%                        AND, also, 'legacy'-type bibs. It should assist authors in 
%%%                        choosing the 'correct' at-bibtype and necessary bib-fields
%%%                        so as to obtain the appropriate ACM Reference Format output. 
%%%			   It also contains many 'Standard Abbreviations'. "
%%%  }
%%% ====================================================================

% Journals

% First the Full Name is given, then the abbreviation used in the AMS Math
% Reviews, with an indication if it could not be found there.
% Note the 2nd overwrites the 1st, so swap them if you want the full name.

 %{AMS}
 @String{AMSTrans = "American Mathematical Society Translations" }
 @String{AMSTrans = "Amer. Math. Soc. Transl." }
 @String{BullAMS = "Bulletin of the American Mathematical Society" }
 @String{BullAMS = "Bull. Amer. Math. Soc." }
 @String{ProcAMS = "Proceedings of the American Mathematical Society" }
 @String{ProcAMS = "Proc. Amer. Math. Soc." }
 @String{TransAMS = "Transactions of the American Mathematical Society" }
 @String{TransAMS = "Trans. Amer. Math. Soc." }

 %ACM
 @String{CACM = "Communications of the {ACM}" }
 @String{CACM = "Commun. {ACM}" }
 @String{CompServ = "Comput. Surveys" }
 @String{JACM = "J. ACM" }
 @String{ACMMathSoft = "{ACM} Transactions on Mathematical Software" }
 @String{ACMMathSoft = "{ACM} Trans. Math. Software" }
 @String{SIGNUM = "{ACM} {SIGNUM} Newsletter" }
 @String{SIGNUM = "{ACM} {SIGNUM} Newslett." }

 @String{AmerSocio = "American Journal of Sociology" }
 @String{AmerStatAssoc = "Journal of the American Statistical Association" }
 @String{AmerStatAssoc = "J. Amer. Statist. Assoc." }
 @String{ApplMathComp = "Applied Mathematics and Computation" }
 @String{ApplMathComp = "Appl. Math. Comput." }
 @String{AmerMathMonthly = "American Mathematical Monthly" }
 @String{AmerMathMonthly = "Amer. Math. Monthly" }
 @String{BIT = "{BIT}" }
 @String{BritStatPsych = "British Journal of Mathematical and Statistical
          Psychology" }
 @String{BritStatPsych = "Brit. J. Math. Statist. Psych." }
 @String{CanMathBull = "Canadian Mathematical Bulletin" }
 @String{CanMathBull = "Canad. Math. Bull." }
 @String{CompApplMath = "Journal of Computational and Applied Mathematics" }
 @String{CompApplMath = "J. Comput. Appl. Math." }
 @String{CompPhys = "Journal of Computational Physics" }
 @String{CompPhys = "J. Comput. Phys." }
 @String{CompStruct = "Computers and Structures" }
 @String{CompStruct = "Comput. \& Structures" }
 @String{CompJour = "The Computer Journal" }
 @String{CompJour = "Comput. J." }
 @String{CompSysSci = "Journal of Computer and System Sciences" }
 @String{CompSysSci = "J. Comput. System Sci." }
 @String{Computing = "Computing" }
 @String{ContempMath = "Contemporary Mathematics" }
 @String{ContempMath = "Contemp. Math." }
 @String{Crelle = "Crelle's Journal" }
 @String{GiornaleMath = "Giornale di Mathematiche" }
 @String{GiornaleMath = "Giorn. Mat." } % didn't find in AMS MR., ibid.

 %IEEE
 @String{Computer = "{IEEE} Computer" }
 @String{IEEETransComp = "{IEEE} Transactions on Computers" }
 @String{IEEETransComp = "{IEEE} Trans. Comput." }
 @String{IEEETransAC = "{IEEE} Transactions on Automatic Control" }
 @String{IEEETransAC = "{IEEE} Trans. Automat. Control" }
 @String{IEEESpec = "{IEEE} Spectrum" } % didn't find in AMS MR
 @String{ProcIEEE = "Proceedings of the {IEEE}" }
 @String{ProcIEEE = "Proc. {IEEE}" } % didn't find in AMS MR
 @String{IEEETransAeroElec = "{IEEE} Transactions on Aerospace and Electronic
     Systems" }
 @String{IEEETransAeroElec = "{IEEE} Trans. Aerospace Electron. Systems" }

 @String{IMANumerAna = "{IMA} Journal of Numerical Analysis" }
 @String{IMANumerAna = "{IMA} J. Numer. Anal." }
 @String{InfProcLet = "Information Processing Letters" }
 @String{InfProcLet = "Inform. Process. Lett." }
 @String{InstMathApp = "Journal of the Institute of Mathematics and
     its Applications" }
 @String{InstMathApp = "J. Inst. Math. Appl." }
 @String{IntControl = "International Journal of Control" }
 @String{IntControl = "Internat. J. Control" }
 @String{IntNumerEng = "International Journal for Numerical Methods in
     Engineering" }
 @String{IntNumerEng = "Internat. J. Numer. Methods Engrg." }
 @String{IntSuper = "International Journal of Supercomputing Applications" }
 @String{IntSuper = "Internat. J. Supercomputing Applic." } % didn't find
%% in AMS MR
 @String{Kibernetika = "Kibernetika" }
 @String{JResNatBurStand = "Journal of Research of the National Bureau
     of Standards" }
 @String{JResNatBurStand = "J. Res. Nat. Bur. Standards" }
 @String{LinAlgApp = "Linear Algebra and its Applications" }
 @String{LinAlgApp = "Linear Algebra Appl." }
 @String{MathAnaAppl = "Journal of Mathematical Analysis and Applications" }
 @String{MathAnaAppl = "J. Math. Anal. Appl." }
 @String{MathAnnalen = "Mathematische Annalen" }
 @String{MathAnnalen = "Math. Ann." }
 @String{MathPhys = "Journal of Mathematical Physics" }
 @String{MathPhys = "J. Math. Phys." }
 @String{MathComp = "Mathematics of Computation" }
 @String{MathComp = "Math. Comp." }
 @String{MathScand = "Mathematica Scandinavica" }
 @String{MathScand = "Math. Scand." }
 @String{TablesAidsComp = "Mathematical Tables and Other Aids to Computation" }
 @String{TablesAidsComp = "Math. Tables Aids Comput." }
 @String{NumerMath = "Numerische Mathematik" }
 @String{NumerMath = "Numer. Math." }
 @String{PacificMath = "Pacific Journal of Mathematics" }
 @String{PacificMath = "Pacific J. Math." }
 @String{ParDistComp = "Journal of Parallel and Distributed Computing" }
 @String{ParDistComp = "J. Parallel and Distrib. Comput." } % didn't find
%% in AMS MR
 @String{ParComputing = "Parallel Computing" }
 @String{ParComputing = "Parallel Comput." }
 @String{PhilMag = "Philosophical Magazine" }
 @String{PhilMag = "Philos. Mag." }
 @String{ProcNAS = "Proceedings of the National Academy of Sciences
                    of the USA" }
 @String{ProcNAS = "Proc. Nat. Acad. Sci. U. S. A." }
 @String{Psychometrika = "Psychometrika" }
 @String{QuartMath = "Quarterly Journal of Mathematics, Oxford, Series (2)" }
 @String{QuartMath = "Quart. J. Math. Oxford Ser. (2)" }
 @String{QuartApplMath = "Quarterly of Applied Mathematics" }
 @String{QuartApplMath = "Quart. Appl. Math." }
 @String{RevueInstStat = "Review of the International Statisical Institute" }
 @String{RevueInstStat = "Rev. Inst. Internat. Statist." }

 %SIAM
 @String{JSIAM = "Journal of the Society for Industrial and Applied
     Mathematics" }
 @String{JSIAM = "J. Soc. Indust. Appl. Math." }
 @String{JSIAMB = "Journal of the Society for Industrial and Applied
     Mathematics, Series B, Numerical Analysis" }
 @String{JSIAMB = "J. Soc. Indust. Appl. Math. Ser. B Numer. Anal." }
 @String{SIAMAlgMeth = "{SIAM} Journal on Algebraic and Discrete Methods" }
 @String{SIAMAlgMeth = "{SIAM} J. Algebraic Discrete Methods" }
 @String{SIAMAppMath = "{SIAM} Journal on Applied Mathematics" }
 @String{SIAMAppMath = "{SIAM} J. Appl. Math." }
 @String{SIAMComp = "{SIAM} Journal on Computing" }
 @String{SIAMComp = "{SIAM} J. Comput." }
 @String{SIAMMatrix = "{SIAM} Journal on Matrix Analysis and Applications" }
 @String{SIAMMatrix = "{SIAM} J. Matrix Anal. Appl." }
 @String{SIAMNumAnal = "{SIAM} Journal on Numerical Analysis" }
 @String{SIAMNumAnal = "{SIAM} J. Numer. Anal." }
 @String{SIAMReview = "{SIAM} Review" }
 @String{SIAMReview = "{SIAM} Rev." }
 @String{SIAMSciStat = "{SIAM} Journal on Scientific and Statistical
     Computing" }
 @String{SIAMSciStat = "{SIAM} J. Sci. Statist. Comput." }

 @String{SoftPracExp = "Software Practice and Experience" }
 @String{SoftPracExp = "Software Prac. Experience" } % didn't find in AMS MR
 @String{StatScience = "Statistical Science" }
 @String{StatScience = "Statist. Sci." }
 @String{Techno = "Technometrics" }
 @String{USSRCompMathPhys = "{USSR} Computational Mathematics and Mathematical
     Physics" }
 @String{USSRCompMathPhys = "{U. S. S. R.} Comput. Math. and Math. Phys." }
 @String{VLSICompSys = "Journal of {VLSI} and Computer Systems" }
 @String{VLSICompSys = "J. {VLSI} Comput. Syst." }
 @String{ZAngewMathMech = "Zeitschrift fur Angewandte Mathematik und
     Mechanik" }
 @String{ZAngewMathMech = "Z. Angew. Math. Mech." }
 @String{ZAngewMathPhys = "Zeitschrift fur Angewandte Mathematik und Physik" }
 @String{ZAngewMathPhys = "Z. Angew. Math. Phys." }

% Publishers % ================================================= |

 @String{Academic = "Academic Press" }
 @String{ACMPress = "{ACM} Press" }
 @String{AdamHilger = "Adam Hilger" }
 @String{AddisonWesley = "Addison-Wesley" }
 @String{AllynBacon = "Allyn and Bacon" }
 @String{AMS = "American Mathematical Society" }
 @String{Birkhauser = "Birkha{\"u}ser" }
 @String{CambridgePress = "Cambridge University Press" }
 @String{Chelsea = "Chelsea" }
 @String{ClaredonPress = "Claredon Press" }
 @String{DoverPub = "Dover Publications" }
 @String{Eyolles = "Eyolles" }
 @String{HoltRinehartWinston = "Holt, Rinehart and Winston" }
 @String{Interscience = "Interscience" }
 @String{JohnsHopkinsPress = "The Johns Hopkins University Press" }
 @String{JohnWileySons = "John Wiley and Sons" }
 @String{Macmillan = "Macmillan" }
 @String{MathWorks = "The Math Works Inc." }
 @String{McGrawHill = "McGraw-Hill" }
 @String{NatBurStd = "National Bureau of Standards" }
 @String{NorthHolland = "North-Holland" }
 @String{OxfordPress = "Oxford University Press" }  %address Oxford or London?
 @String{PergamonPress = "Pergamon Press" }
 @String{PlenumPress = "Plenum Press" }
 @String{PrenticeHall = "Prentice-Hall" }
 @String{SIAMPub = "{SIAM} Publications" }
 @String{Springer = "Springer-Verlag" }
 @String{TexasPress = "University of Texas Press" }
 @String{VanNostrand = "Van Nostrand" }
 @String{WHFreeman = "W. H. Freeman and Co." }

%Entries

@Article{Abril07,
  author 	= "Patricia S. Abril and Robert Plant",
  title 	= "The patent holder's dilemma: Buy, sell, or troll?",
  journal 	= "Communications of the ACM",
  volume 	= "50",
  number 	= "1",
  month 	= jan,
  year 		= "2007",
  pages 	= "36--44",
  doi 		= "10.1145/1188913.1188915",
  url		= "http://doi.acm.org/10.1145/1219092.1219093",
  note		= "",
}

@inproceedings{Dolan:2004:UCL:1220355.1220406,
 author = {Dolan, Bill and Quirk, Chris and Brockett, Chris},
 title = {Unsupervised Construction of Large Paraphrase Corpora: Exploiting Massively Parallel News Sources},
 booktitle = {Proceedings of the 20th International Conference on Computational Linguistics},
 series = {COLING '04},
 year = {2004},
 location = {Geneva, Switzerland},
 articleno = {350},
 url = {https://doi.org/10.3115/1220355.1220406},
 doi = {10.3115/1220355.1220406},
 acmid = {1220406},
 publisher = {Association for Computational Linguistics},
 address = {Stroudsburg, PA, USA},
} 

@Article{Wiebe2005,
author="Wiebe, Janyce
and Wilson, Theresa
and Cardie, Claire",
title="Annotating Expressions of Opinions and Emotions in Language",
journal="Language Resources and Evaluation",
year="2005",
month="May",
day="01",
volume="39",
number="2",
pages="165--210",
abstract="This paper describes a corpus annotation project to study issues in the manual annotation of opinions, emotions, sentiments, speculations, evaluations and other private states in language. The resulting corpus annotation scheme is described, as well as examples of its use. In addition, the manual annotation process and the results of an inter-annotator agreement study on a 10,000-sentence corpus of articles drawn from the world press are presented.",
issn="1572-0218",
doi="10.1007/s10579-005-7880-9",
url="https://doi.org/10.1007/s10579-005-7880-9"
}


@Article{Cohen07,
  author 	=	"Sarah Cohen and Werner Nutt and Yehoshua Sagic",
  title		=	"Deciding equivalances among conjunctive aggregate queries",
  journal 	=	JACM,
  articleno	=	"5",
  numpages	=	"50",
  volume 	=	"54",
  number 	= 	"2",
  month 	=	apr,
  year 		=	"2007",
  doi 		=	"10.1145/1219092.1219093",
  url 		=	"http://doi.acm.org/10.1145/1219092.1219093",
  acmid		=	"1219093",
  note 		= 	"",
}

@article{cs-CL-0409058,
  author    = {Bo Pang and
               Lillian Lee},
  title     = {A Sentimental Education: Sentiment Analysis Using Subjectivity Summarization
               Based on Minimum Cuts},
  journal   = {CoRR},
  volume    = {cs.CL/0409058},
  year      = {2004},
  url       = {http://arxiv.org/abs/cs.CL/0409058},
  timestamp = {Wed, 07 Jun 2017 14:41:50 +0200},
  biburl    = {http://dblp.org/rec/bib/journals/corr/cs-CL-0409058},
  bibsource = {dblp computer science bibliography, http://dblp.org}
}


@periodical{JCohen96,
  key = 	 "Cohen",
  editor =       "Jacques Cohen",
  title =        "Special issue: Digital Libraries",
  journal =      CACM,
  volume =       "39",
  number = 	 "11",
  month =	 nov,
  year = 	 "1996",
}


@Book{Kosiur01,
  author =       "David Kosiur",
  title =        "Understanding Policy-Based Networking",
  publisher =    "Wiley",
  year =         "2001",
  address =      "New York, NY",
  edition =      "2nd.",
  editor = 	 "",
  volume = 	 "",
  number = 	 "",
  series = 	 "",
  month = 	 "",
  note = 	 "",
}


@Book{Harel79,
  author =       "David Harel",
  year =         "1979",
  title =        "First-Order Dynamic Logic",
  series =       "Lecture Notes in Computer Science",
  volume =       "68",
  address =      "New York, NY",
  publisher =    "Springer-Verlag",
  doi = 	 "10.1007/3-540-09237-4",
  url = 	 "http://dx.doi.org/10.1007/3-540-09237-4",
  editor = 	 "",
  number = 	 "",
  month = 	 "",
  note = 	 "",
}


@Inbook{Editor00,
  author = 	 "",
  editor =       "Ian Editor",
  title =        "The title of book one",
  subtitle =     "The book subtitle",
  series =       "The name of the series one",
  year =         "2007",
  volume = 	 "9",
  address =      "Chicago",
  edition =      "1st.",
  publisher =    "University of Chicago Press",
  doi = 	 "10.1007/3-540-09237-4",
  url = 	 "http://dx.doi.org/10.1007/3-540-09456-9",
  chapter = 	 "",
  pages = 	 "",
  number = 	 "",
  type = 	 "",
  month = 	 "",
  note = 	 "",
}

%
@InBook{Editor00a,
  author = 	 "",
  editor =       "Ian Editor",
  title =        "The title of book two",
  subtitle =     "The book subtitle",
  series =       "The name of the series two",
  year =         "2008",
  address =      "Chicago",
  edition =      "2nd.",
  publisher =    "University of Chicago Press",
  doi = 	 "10.1007/3-540-09237-4",
  url = 	 "http://dx.doi.org/10.1007/3-540-09456-9",
  volume = 	 "",
  chapter = 	 "100",
  pages = 	 "",
  number = 	 "",
  type = 	 "",
  month = 	 "",
  note = 	 "",
}


% incollection (has an editor, title, and possibly a booktitle)
@Incollection{Spector90,
  author =       "Asad Z. Spector",
  title =        "Achieving application requirements",
  booktitle =    "Distributed Systems",
  publisher =    "ACM Press",
  address =      "New York, NY",
  year =         "1990",
  edition =      "2nd.",
  chapter =      "",
  editor = 	 "Sape Mullender",
  pages =        "19--33",
  doi = 	 "10.1145/90417.90738",
  url = 	 "http://doi.acm.org/10.1145/90417.90738",
  volume =	 "",
  number = 	 "",
  series =	 "",
  type = 	 "",
  month = 	 "",
  note = 	 "",
}


% incollection (has an editor, title, and possibly a booktitle)
@Incollection{Douglass98,
  author =       "Bruce P. Douglass and David Harel and Mark B. Trakhtenbrot",
  title =        "Statecarts in use: structured analysis and object-orientation",
  series =       "Lecture Notes in Computer Science",
  booktitle =    "Lectures on Embedded Systems",
  publisher =    "Springer-Verlag",
  address =      "London",
  volume = 	 "1494",
  year =         "1998",
  chapter =      "",
  editor = 	 "Grzegorz Rozenberg and Frits W. Vaandrager",
  pages =        "368--394",
  doi = 	 "10.1007/3-540-65193-4_29",
  url = 	 "http://dx.doi.org/10.1007/3-540-65193-4_29",
  edition = 	 "",
  number = 	 "",
  type = 	 "",
  month = 	 "",
  note = 	 "",
}


@Book{Knuth97,
  author =       "Donald E. Knuth",
  title =        "The Art of Computer Programming, Vol. 1: Fundamental Algorithms (3rd. ed.)",
  publisher =    "Addison Wesley Longman Publishing Co., Inc.",
  year =         "1997",
  address =      "",
  edition =      "",
  editor = 	 "",
  volume = 	 "",
  number = 	 "",
  series = 	 "",
  month = 	 "",
  note = 	 "",
}


@Book{Knuth98,
  author =       "Donald E. Knuth",
  year =         "1998",
  title =        "The Art of Computer Programming",
  series =       "Fundamental Algorithms",
  volume =       "1",
  edition =      "3rd",
  address =      "",
  publisher =    "Addison Wesley Longman Publishing Co., Inc.",
  doi = 	 "",
  url = 	 "",
  editor = 	 "",
  number = 	 "",
  month = 	 "",
  note = 	 "(book)",
}

%Inbook{Knuth97,
%  author = 	 "Donald E. Knuth",
%  title = 	 "The Art of Computer Programming",
%  booktitle =    "the booktitle",
%  edition =      "3",
%  volume =       "1",
%  year =         "1997",
%  publisher =    "Addison Wesley Longman Publishing Co., Inc.",
%  editor = 	 "",
%  number = 	 "",
%  series = 	 "Fundamental Algorithms",
%  type = 	 "",
%  chapter = 	 "",
%  pages = 	 "",
%  address = 	 "",
%  month = 	 "",
%  note = 	 "(inbook)",
%}

%INBOOK{DK:73-inbook-full,
%   author = "Donald E. Knuth",
%   title = "Fundamental Algorithms (inbook w series)",
%   volume = 1,
%   series = "The Art of Computer Programming",
%   publisher = "Addison-Wesley",
%   address = "Reading, Massachusetts",
%   edition = "Second",
%   month = "10~" # jan,
%   year = "1973",
%   type = "Section",
%   chapter = "1.2",
%   pages = "10--119",
%   note = "Full INBOOK entry (w series)",
%}

%INcollection{DK:74-incoll,
%   author = "Donald E. Knuth",
%   title = "Fundamental Algorithms (incoll)",
%   volume = 1,
%   booktitle = "The Art of Computer Programming",
%   publisher = "Addison-Wesley",
%   address = "Reading, Massachusetts",
%   month = "10~" # jan,
%   year = "1974",
%   pages = "10--119",
%   editor = 	 "Bernard Rous",
%   note = "This is a full incoll entry with an editor",
%}

%INcollection{DK:75-incollws,
%   author = "Donald E. Knuth",
%   title = "Fundamental Algorithms (incoll w series)",
%   volume = 1,
%   booktitle = "The Art of Computer Programming",
%   series = "The Art of Computer Programming",
%   publisher = "Addison-Wesley",
%   address = "Reading, Massachusetts",
%   month = "10~" # jan,
%   year = "1975",
%   pages = "10--119",
%   editor = "Bernard Rous",
%   note = "This is a full incoll entry with an editor and series",
%}

@article{KrauseLMR16,
  author    = {Ben Krause and
               Liang Lu and
               Iain Murray and
               Steve Renals},
  title     = {Multiplicative {LSTM} for sequence modelling},
  journal   = {CoRR},
  volume    = {abs/1609.07959},
  year      = {2016},
  url       = {http://arxiv.org/abs/1609.07959},
  archivePrefix = {arXiv},
  eprint    = {1609.07959},
  timestamp = {Wed, 07 Jun 2017 14:40:19 +0200},
  biburl    = {http://dblp.org/rec/bib/journals/corr/KrauseLMR16},
  bibsource = {dblp computer science bibliography, http://dblp.org}
}


@incollection{GM05,
Author= "Dan Geiger and Christopher Meek",
Title= "Structured Variational Inference Procedures and their Realizations (as incol)",
Year= 2005,
Booktitle="Proceedings of Tenth International Workshop on Artificial Intelligence and Statistics, {\rm The Barbados}",
Publisher="The Society for Artificial Intelligence and Statistics",
Month= jan,
Editors= "Z. Ghahramani and R. Cowell"
}

@Inproceedings{Smith10,
  author =       "Stan W. Smith",
  title =        "An experiment in bibliographic mark-up: Parsing metadata for XML export",
  booktitle =    "Proceedings of the 3rd. annual workshop on Librarians and Computers",
  series = 	 "LAC '10",
  editor = 	 "Reginald N. Smythe and Alexander Noble",
  volume = 	  "3",
  year =         "2010",
  publisher =    "Paparazzi Press",
  address = 	 "Milan Italy",
  pages =        "422--431",
  doi = 	 "99.9999/woot07-S422",
  url = 	 "http://dx.doi.org/99.0000/woot07-S422",
  number =	 "",
  month = 	 "",
  organization = "",
  note = 	 "",
}

@Inproceedings{VanGundy07,
  author =       "Matthew Van Gundy and Davide Balzarotti and Giovanni Vigna",
  year =         "2007",
  title =        "Catch me, if you can: Evading network signatures with web-based polymorphic worms",
  booktitle =    "Proceedings of the first USENIX workshop on Offensive Technologies",
  series = 	 "WOOT '07",
  publisher =    "USENIX Association",
  address = 	 "Berkley, CA",
  articleno = 	 "7",
  numpages = 	 "9",
  editor = 	 "",
  volume = 	 "",
  number = 	 "",
  pages = 	 "",
  month = 	 "",
  organization = "",
  note = 	 "",
}

@Inproceedings{VanGundy08,
  author =       "Matthew Van Gundy and Davide Balzarotti and Giovanni Vigna",
  year =         "2008",
  title =        "Catch me, if you can: Evading network signatures with web-based polymorphic worms",
  booktitle =    "Proceedings of the first USENIX workshop on Offensive Technologies",
  series = 	 "WOOT '08",
  publisher =    "USENIX Association",
  address = 	 "Berkley, CA",
  articleno = 	 "7",
  numpages = 	 "2",
  editor = 	 "",
  volume = 	 "",
  number = 	 "",
  pages = 	 "99-100",
  month = 	 "",
  organization = "",
  note = 	 "",
}

@Inproceedings{VanGundy09,
  author =       "Matthew Van Gundy and Davide Balzarotti and Giovanni Vigna",
  year =         "2009",
  title =        "Catch me, if you can: Evading network signatures with web-based polymorphic worms",
  booktitle =    "Proceedings of the first USENIX workshop on Offensive Technologies",
  series = 	 "WOOT '09",
  publisher =    "USENIX Association",
  address = 	 "Berkley, CA",
  articleno = 	 "",
  numpages = 	 "",
  editor = 	 "",
  volume = 	 "",
  number = 	 "",
  pages = 	 "90--100",
  month = 	 "",
  organization = "",
  note = 	 "",
}

@Inproceedings{Andler79,
  author =       "Sten Andler",
  title =        "Predicate Path expressions",
  booktitle =    "Proceedings of the 6th. ACM SIGACT-SIGPLAN symposium on Principles of Programming Languages",
  series = 	 "POPL '79",
  year =         "1979",
  publisher =    "ACM Press",
  address = 	 "New York, NY",
  pages =        "226--236",
  doi = 	 "10.1145/567752.567774",
  url = 	 "http://doi.acm.org/10.1145/567752.567774",
  editor = 	 "",
  volume = 	 "",
  number = 	 "",
  month = 	 "",
  organization = "",
  note = 	 "",
}

@Techreport{Harel78,
  author =       "David Harel",
  year =         "1978",
  title =        "LOGICS of Programs: AXIOMATICS and DESCRIPTIVE POWER",
  institution =  "Massachusetts Institute of Technology",
  type =         "MIT Research Lab Technical Report",
  number =       "TR-200",
  address =      "Cambridge, MA",
  month = 	 "",
  note = 	 "",
}

@MASTERSTHESIS{anisi03,
author = {David A. Anisi},
title = {Optimal Motion Control of a Ground Vehicle},
school = {Royal Institute of Technology (KTH), Stockholm, Sweden},
intitution = {FOI-R-0961-SE, Swedish Defence Research Agency (FOI)},
year = {2003},
}


@Phdthesis{Clarkson85,
  author =       "Kenneth L. Clarkson",
  year =         "1985",
  title =        "Algorithms for Closest-Point Problems (Computational Geometry)",
  school =       "Stanford University",
  address =      "Palo Alto, CA",
  note =         "UMI Order Number: AAT 8506171",
  type = 	 "",
  month = 	 "",
}


@online{Thornburg01,
  author =       "Harry Thornburg",
  year =         "2001",
  title =        "Introduction to Bayesian Statistics",
  url =           "http://ccrma.stanford.edu/~jos/bayes/bayes.html",
  month = 	 mar,
  lastaccessed = "March 2, 2005",
}


@online{Ablamowicz07,
  author =       "Rafal Ablamowicz and Bertfried Fauser",
  year =         "2007",
  title =        "CLIFFORD: a Maple 11 Package for Clifford Algebra Computations, version 11",
  url =          "http://math.tntech.edu/rafal/cliff11/index.html",
  lastaccessed = "February 28, 2008",
}


@misc{Poker06,
  author =       "Poker-Edge.Com",
  year =         "2006",
  month 	= mar,
  title =        "Stats and Analysis",
  lastaccessed = "June 7, 2006",
  url =          "http://www.poker-edge.com/stats.php",
}

@misc{Obama08,
  author 	= "Barack Obama",
  year 		= "2008",
  title		= "A more perfect union",
  howpublished  = "Video",
  day 		= "5",
  url 		= "http://video.google.com/videoplay?docid=6528042696351994555",
  month 	= mar,
  lastaccessed  = "March 21, 2008",
  note		=  "",
}

@misc{JoeScientist001,
  author =       "Joseph Scientist",
  year =         "2009",
  title =        "The fountain of youth",
  note =         "Patent No. 12345, Filed July 1st., 2008, Issued Aug. 9th., 2009",
  url =           "",
  howpublished = "",
  month = 	 aug,
  lastaccessed = "",
}


@Inproceedings{Novak03,
  author =       "Dave Novak",
  title =        "Solder man",
  booktitle =    "ACM SIGGRAPH 2003 Video Review on Animation theater Program: Part I - Vol. 145 (July 27--27, 2003)",
  year =         "2003",
  publisher = 	 "ACM Press",
  address = 	 "New York, NY",
  pages =        "4",
  month = 	 "March 21, 2008",
  doi = 	 "99.9999/woot07-S422",
  url = 	 "http://video.google.com/videoplay?docid=6528042696351994555",
  note = 	 "",
  howpublished = "Video",
  editor = 	 "",
  volume = 	 "",
  number = 	 "",
  series = 	 "",
  organization = "",
}

@article{LooksHHN17,
	author    = {Moshe Looks and
	Marcello Herreshoff and
	DeLesley Hutchins and
	Peter Norvig},
	title     = {Deep Learning with Dynamic Computation Graphs},
	journal   = {CoRR},
	volume    = {abs/1702.02181},
	year      = {2017},
	url       = {http://arxiv.org/abs/1702.02181},
	timestamp = {Wed, 07 Jun 2017 14:41:45 +0200},
	biburl    = {http://dblp.uni-trier.de/rec/bib/journals/corr/LooksHHN17},
	bibsource = {dblp computer science bibliography, http://dblp.org}
}

@article{mlstm,
	author    = {Alec Radford and
	Rafal J{\'{o}}zefowicz and
	Ilya Sutskever},
	title     = {Learning to Generate Reviews and Discovering Sentiment},
	journal   = {CoRR},
	volume    = {abs/1704.01444},
	year      = {2017},
	url       = {http://arxiv.org/abs/1704.01444},
	timestamp = {Wed, 07 Jun 2017 14:43:05 +0200},
	biburl    = {http://dblp.uni-trier.de/rec/bib/journals/corr/RadfordJS17},
	bibsource = {dblp computer science bibliography, http://dblp.org}
}

@article{Lee05,
  author =       "Newton Lee",
  year = 	 "2005",
  title =        "Interview with Bill Kinder: January 13, 2005",
  journal = 	 "Comput. Entertain.",
  eid      =     "4",
  volume =       "3",
  number = 	 "1",
  month =  	 "Jan.-March",
  doi = 	 "10.1145/1057270.1057278",
  url = 	 "http://doi.acm.org/10.1145/1057270.1057278",
  howpublished = "Video",
  note =	 "",
}

@article{Rous08,
  author =       "Bernard Rous",
  year = 	 "2008",
  title =        "The Enabling of Digital Libraries",
  journal = 	 "Digital Libraries",
  volume =       "12",
  number = 	 "3",
  month =  	 jul,
  articleno = 	 "5",
  doi = 	 "",
  url = 	 "",
  howpublished = "",
  note =	 "To appear",
}

@article{384253,
 author = {Werneck,, Renato and Setubal,, Jo\~{a}o and da Conceic\~{a}o,, Arlindo},
 title = {(old) Finding minimum congestion spanning trees},
 journal = {J. Exp. Algorithmics},
 volume = {5},
 year = {2000},
 issn = {1084-6654},
 pages = {11},
 doi = {http://doi.acm.org/10.1145/351827.384253},
 publisher = {ACM},
 address = {New York, NY, USA},
 }


@article{Werneck:2000:FMC:351827.384253,
 author = {Werneck, Renato and Setubal, Jo\~{a}o and da Conceic\~{a}o, Arlindo},
 title = {(new) Finding minimum congestion spanning trees},
 journal = {J. Exp. Algorithmics},
 volume = {5},
 month = dec,
 year = {2000},
 issn = {1084-6654},
 articleno = {11},
 url = {http://portal.acm.org/citation.cfm?id=351827.384253},
 doi = {10.1145/351827.384253},
 acmid = {384253},
 publisher = {ACM},
 address = {New York, NY, USA},
}

@article{1555162,
 author = {Conti, Mauro and Di Pietro, Roberto and Mancini, Luigi V. and Mei, Alessandro},
 title = {(old) Distributed data source verification in wireless sensor networks},
 journal = {Inf. Fusion},
 volume = {10},
 number = {4},
 year = {2009},
 issn = {1566-2535},
 pages = {342--353},
 doi = {http://dx.doi.org/10.1016/j.inffus.2009.01.002},
 publisher = {Elsevier Science Publishers B. V.},
 address = {Amsterdam, The Netherlands, The Netherlands},
 }

@article{Conti:2009:DDS:1555009.1555162,
 author = {Conti, Mauro and Di Pietro, Roberto and Mancini, Luigi V. and Mei, Alessandro},
 title = {(new) Distributed data source verification in wireless sensor networks},
 journal = {Inf. Fusion},
 volume = {10},
 number = {4},
 month = oct,
 year = {2009},
 issn = {1566-2535},
 pages = {342--353},
 numpages = {12},
 url = {http://portal.acm.org/citation.cfm?id=1555009.1555162},
 doi = {10.1016/j.inffus.2009.01.002},
 acmid = {1555162},
 publisher = {Elsevier Science Publishers B. V.},
 address = {Amsterdam, The Netherlands, The Netherlands},
 keywords = {Clone detection, Distributed protocol, Securing data fusion, Wireless sensor networks},
}

@inproceedings{Li:2008:PUC:1358628.1358946,
 author = {Li, Cheng-Lun and Buyuktur, Ayse G. and Hutchful, David K. and Sant, Natasha B. and Nainwal, Satyendra K.},
 title = {Portalis: using competitive online interactions to support aid initiatives for the homeless},
 booktitle = {CHI '08 extended abstracts on Human factors in computing systems},
 year = {2008},
 isbn = {978-1-60558-012-X},
 location = {Florence, Italy},
 pages = {3873--3878},
 numpages = {6},
 url = {http://portal.acm.org/citation.cfm?id=1358628.1358946},
 doi = {10.1145/1358628.1358946},
 acmid = {1358946},
 publisher = {ACM},
 address = {New York, NY, USA},
 keywords = {cscw, distributed knowledge acquisition, incentive design, online games, recommender systems, reputation systems, user studies, virtual community},
}

@book{Hollis:1999:VBD:519964,
 author = {Hollis, Billy S.},
 title = {Visual Basic 6: Design, Specification, and Objects with Other},
 year = {1999},
 isbn = {0130850845},
 edition = {1st},
 publisher = {Prentice Hall PTR},
 address = {Upper Saddle River, NJ, USA},
 }


@book{Goossens:1999:LWC:553897,
 author = {Goossens, Michel and Rahtz, S. P. and Moore, Ross and Sutor, Robert S.},
 title = {The  Latex Web Companion: Integrating TEX, HTML, and XML},
 year = {1999},
 isbn = {0201433117},
 edition = {1st},
 publisher = {Addison-Wesley Longman Publishing Co., Inc.},
 address = {Boston, MA, USA},
 }

% need to test genres for errant isbn output

% techreport
@techreport{897367,
 author = {Buss, Jonathan F. and Rosenberg, Arnold L. and Knott, Judson D.},
 title = {Vertex Types in Book-Embeddings},
 year = {1987},
 source = {http://www.ncstrl.org:8900/ncstrl/servlet/search?formname=detail\&id=oai%3Ancstrlh%3Aumass_cs%3Ancstrl.umassa_cs%2F%2FUM-CS-1987-018},
 publisher = {University of Massachusetts},
 address = {Amherst, MA, USA},
 }

@techreport{Buss:1987:VTB:897367,
 author = {Buss, Jonathan F. and Rosenberg, Arnold L. and Knott, Judson D.},
 title = {Vertex Types in Book-Embeddings},
 year = {1987},
 source = {http://www.ncstrl.org:8900/ncstrl/servlet/search?formname=detail\&id=oai%3Ancstrlh%3Aumass_cs%3Ancstrl.umassa_cs%2F%2FUM-CS-1987-018},
 publisher = {University of Massachusetts},
 address = {Amherst, MA, USA},
 }

% whole proceedings

@proceedings{Czerwinski:2008:1358628,
 author = {},
 note = {General Chair-Czerwinski, Mary and General Chair-Lund, Arnie and Program Chair-Tan, Desney},
 title = {CHI '08: CHI '08 extended abstracts on Human factors in computing systems},
 year = {2008},
 isbn = {978-1-60558-012-X},
 location = {Florence, Italy},
 order_no = {608085},
 publisher = {ACM},
 address = {New York, NY, USA},
 }

% phdthesis

@phdthesis{Clarkson:1985:ACP:911891,
 author = {Clarkson, Kenneth Lee},
 advisor = {Yao, Andrew C.},
 title = {Algorithms for Closest-Point Problems (Computational Geometry)},
 year = {1985},
 note = {AAT 8506171},
 school = {Stanford University},
 address = {Stanford, CA, USA},
 }
% school is being picked up -- but not publisher (which is OK)
% Also -- the title is NOT being output in italics !!! Arrrrgh! - I fixed it. :-)


%%% compare with 'old' 
%%% atsign-Phdthesis{Clarkson85,
%%%  author =       "Kenneth L. Clarkson",
%%%  year =         "1985",
%%%  title =        "Algorithms for Closest-Point Problems (Computational Geometry)",
%%%  school =       "Stanford University",
%%%  address =      "Palo Alto, CA",
%%%  note =         "UMI Order Number: AAT 8506171",
%%%  type = 	 "",
%%%  month = 	 "",
%%%}

% A bibliography
@Article{1984:1040142,
 key = {{$\!\!$}},
 journal = {SIGCOMM Comput. Commun. Rev.},
 year = {1984},
 issn = {0146-4833},
 volume = {13-14},
 number = {5-1},
 issue_date = {January/April 1984},
 publisher = {ACM},
 address = {New York, NY, USA},
 }


% grinder
@inproceedings{2004:ITE:1009386.1010128,
 key = {IEEE},
 title = {IEEE TCSC Executive Committee},
 booktitle = {Proceedings of the IEEE International Conference on Web Services},
 series = {ICWS '04},
 year = {2004},
 isbn = {0-7695-2167-3},
 pages = {21--22},
 url = {http://dx.doi.org/10.1109/ICWS.2004.64},
 doi = {http://dx.doi.org/10.1109/ICWS.2004.64},
 acmid = {1010128},
 publisher = {IEEE Computer Society},
 address = {Washington, DC, USA},
}

% div book
@book{Mullender:1993:DS(:302430,
 editor = {Mullender, Sape},
 title = {Distributed systems (2nd Ed.)},
 year = {1993},
 isbn = {0-201-62427-3},
 publisher = {ACM Press/Addison-Wesley Publishing Co.},
 address = {New York, NY, USA},
 }

% master thesis (as techreport and thesis)

@techreport{Petrie:1986:NAD:899644,
 author = {Petrie, Charles J.},
 title = {New Algorithms for Dependency-Directed Backtracking (Master's thesis)},
 year = {1986},
 source = {http://www.ncstrl.org:8900/ncstrl/servlet/search?formname=detail\&id=oai%3Ancstrlh%3Autexas_cs%3AUTEXAS_CS%2F%2FAI86-33},
 publisher = {University of Texas at Austin},
 address = {Austin, TX, USA},
 }

@MASTERSTHESIS{Petrie:1986:NAD:12345,
 author = {Petrie, Charles J.},
 title = {New Algorithms for Dependency-Directed Backtracking (Master's thesis)},
 year = {1986},
 source = {http://www.ncstrl.org:8900/ncstrl/servlet/search?formname=detail\&id=oai%3Ancstrlh%3Autexas_cs%3AUTEXAS_CS%2F%2FAI86-33},
 school = {University of Texas at Austin},
 address = {Austin, TX, USA},
 }




@BOOK{book-minimal,
   author = "Donald E. Knuth",
   title = "Seminumerical Algorithms",
   publisher = "Addison-Wesley",
   year = "1981",
}

% incollection (has an editor, title, and possibly a booktitle)
@INcollection{KA:2001,
 author = {Kong, Wei-Chang},
 Title = {The implementation of electronic commerce in SMEs in Singapore (as Incoll)},
 booktitle = {E-commerce and cultural values},
 year = {2001},
 isbn = {1-59140-056-2},
 pages = {51--74},
 numpages = {24},
 url = {http://portal.acm.org/citation.cfm?id=887006.887010},
 acmid = {887010},
 publisher = {IGI Publishing},
 address = {Hershey, PA, USA},
}


% with bibfield 'type' before chapter (note no editor)
@INBOOK{KAGM:2001,
 author = {Kong, Wei-Chang},
 type = {Name of Chapter:},
 chapter = {The implementation of electronic commerce in SMEs in Singapore (Inbook-w-chap-w-type)},
 title = {E-commerce and cultural values},
 year = {2001},
 isbn = {1-59140-056-2},
 pages = {51--74},
 numpages = {24},
 url = {http://portal.acm.org/citation.cfm?id=887006.887010},
 acmid = {887010},
 publisher = {IGI Publishing},
 address = {Hershey, PA, USA},
}

%%% Notes! This is because the atsign-INBOOK citation type specifies EITHER
%%% editor or author, but not both. In my experiments with the harvard/dcu
%%% bibtex style (and presumably this applies to other styles too), bibtex
%%% ignores the editor information if author information exists in an
%%% atsign-INBOOK entry. atsign-INCOLLECTION is far more commonly used in my references,
%%% and in the absence of an editor I believe most bibtex styles will just
%%% ommit the editor from the reference - the chapter information will not
%%% end up in the in-text citation as you suggest it should be but at least
%%% there is a place to put the editor if necessary.



% was 'Inbook' -- changed to incollection - (editor is different to author) - need to tell Asad to codify as such.
@incollection{Kong:2002:IEC:887006.887010,
  author = 	{Kong, Wei-Chang},
  editor =	{Theerasak Thanasankit},
  title =	{Chapter 9},
  booktitle =	{E-commerce and cultural values (Incoll-w-text (chap 9) 'title')},
  year =	{2002},
  address =	{Hershey, PA, USA},
  publisher =	{IGI Publishing},
  url =		{http://portal.acm.org/citation.cfm?id=887006.887010},
  pages =	{51--74},
  numpages =	{24},
  acmid =	{887010},
  isbn =	{1-59140-056-2},
  number = 	 "",
  type = 	 "",
  month = 	 "",
  note = 	 "",
}

% incol when the chapter is 'text' - due to presence of editor (different to author)
@incollection{Kong:2003:IEC:887006.887011,
 author = {Kong, Wei-Chang},
 title = {The implementation of electronic commerce in SMEs in Singapore (Incoll)},
 booktitle = {E-commerce and cultural values},
 editor = {Thanasankit, Theerasak},
 year = {2003},
 isbn = {1-59140-056-2},
 pages = {51--74},
 numpages = {24},
 url = {http://portal.acm.org/citation.cfm?id=887006.887010},
 acmid = {887010},
 publisher = {IGI Publishing},
 address = {Hershey, PA, USA},
}

% ------ test
%incollection{Kong:2003:IEC:887006.887010,
% author = {Kong, Wei-Chang},
% chapter = {The implementation of electronic commerce in SMEs in Singapore (Incoll-text-in-chap)},
% booktitle = {booktitle E-commerce and cultural values},
% title =   {The title},
% editor = {Thanasankit, Theerasak},
% year = {2003},
% isbn = {1-59140-056-2},
% pages = {51--74},
% numpages = {24},
% url = {http://portal.acm.org/citation.cfm?id=887006.887010},
% acmid = {887010},
% publisher = {IGI Publishing},
% address = {Hershey, PA, USA},
%}


% ---------





% Need inbook with num in chapter

% and inbook with number in chapter
@InBook{Kong:2004:IEC:123456.887010,
  author = 	{Kong, Wei-Chang},
  editor =	{Theerasak Thanasankit},
  title =	{E-commerce and cultural values - (InBook-num-in-chap)},
  chapter =	{9},
  year =	{2004},
  address =	{Hershey, PA, USA},
  publisher =	{IGI Publishing},
  url =		{http://portal.acm.org/citation.cfm?id=887006.887010},
  pages =	{51--74},
  numpages =	{24},
  acmid =	{887010},
  isbn =	{1-59140-056-2},
  number = 	 "",
  type = 	 "",
  month = 	 "",
  note = 	 "",
}


% and inbook with text in chapter
@Inbook{Kong:2005:IEC:887006.887010,
  author = 	{Kong, Wei-Chang},
  editor =	{Theerasak Thanasankit},
  title =	{E-commerce and cultural values (Inbook-text-in-chap)},
  chapter =	{The implementation of electronic commerce in SMEs in Singapore},
  year =	{2005},
  address =	{Hershey, PA, USA},
  publisher =	{IGI Publishing},
  url =		{http://portal.acm.org/citation.cfm?id=887006.887010},
  type =        {Chapter:},
  pages =	{51--74},
  numpages =	{24},
  acmid =	{887010},
  isbn =	{1-59140-056-2},
  number = 	 "",
  month = 	 "",
  note = 	 "",
}


% and inbook with a num and type field
@Inbook{Kong:2006:IEC:887006.887010,
  author = 	{Kong, Wei-Chang},
  editor =	{Theerasak Thanasankit},
  title =	{E-commerce and cultural values (Inbook-num chap)},
  chapter =	{22},
  year =	{2006},
  address =	{Hershey, PA, USA},
  publisher =	{IGI Publishing},
  url =		{http://portal.acm.org/citation.cfm?id=887006.887010},
  type =        {Chapter (in type field)},
  pages =	{51--74},
  numpages =	{24},
  acmid =	{887010},
  isbn =	{1-59140-056-2},
  number = 	 "",
  month = 	 "",
  note = 	 "",
}


% and incol coz we have a BLANK chapter - due to presence of editor
%atIncollection{Kong:2006:IEC:887006.887011,
%  author = 	{Kong, Wei-Chang},
%  editor =	{Theerasak Thanasankit},
%  title =       "The title"
%  booktitle =	{E-commerce and cultural values (Incol-coz-blank-chap)},
%  year =	{2006},
%  address =	{Hershey, PA, USA},
%  publisher =	{IGI Publishing},
%  url =		{http://portal.acm.org/citation.cfm?id=887006.887010},
%  type =        {Type!},
%  chapter =	{},
%  pages =	{51--74},
%  numpages =	{24},
%  acmid =	{887010},
%  isbn =	{1-59140-056-2},
%  number = 	 "",
%  month = 	 "",
%  note = 	 "",
%}

@article{SaeediMEJ10,
            author = {Mehdi Saeedi and Morteza Saheb Zamani and Mehdi Sedighi},
            title = {A library-based synthesis methodology for reversible logic},
            journal = {Microelectron. J.},
            volume = {41},
            number = {4},
            month = apr,
            year = {2010},
            pages = {185--194},
}

@ARTICLE{SaeediJETC10,
            author = {Mehdi Saeedi and Morteza Saheb Zamani and Mehdi Sedighi and Zahra Sasanian},
            title = {Synthesis of Reversible Circuit Using Cycle-Based Approach},
            journal = {J. Emerg. Technol. Comput. Syst.},
            volume = {6},
            number = {4},
            month = dec,
            year = {2010}
            }

% Asad's new version
@article{Kirschmer:2010:AEI:1958016.1958018,
 author = {Kirschmer, Markus and Voight, John},
 title = {Algorithmic Enumeration of Ideal Classes for Quaternion Orders},
 journal = {SIAM J. Comput.},
 issue_date = {January 2010},
 volume = {39},
 number = {5},
 month = jan,
 year = {2010},
 issn = {0097-5397},
 pages = {1714--1747},
 numpages = {34},
 url = {http://dx.doi.org/10.1137/080734467},
 doi = {https://doi.org/10.1137/080734467},
 acmid = {1958018},
 publisher = {Society for Industrial and Applied Mathematics},
 address = {Philadelphia, PA, USA},
 keywords = {ideal classes, maximal orders, number theory, quaternion algebras},
}


% incol due to presence of booktitle
@incollection{Hoare:1972:CIN:1243380.1243382,
 author = {Hoare, C. A. R.},
 title = {Chapter II: Notes on data structuring},
 booktitle = {Structured programming (incoll)},
 editor = {Dahl, O. J. and Dijkstra, E. W. and Hoare, C. A. R.},
 year = {1972},
 isbn = {0-12-200550-3},
 pages = {83--174},
 numpages = {92},
 url = {http://portal.acm.org/citation.cfm?id=1243380.1243382},
 acmid = {1243382},
 publisher = {Academic Press Ltd.},
 address = {London, UK, UK},
} 

% incol due to presence of booktitle
@incollection{Lee:1978:TQA:800025.1198348,
 author = {Lee, Jan},
 title = {Transcript of question and answer session},
 booktitle = {History of programming languages I (incoll)},
 editor = {Wexelblat, Richard L.},
 year = {1981},
 isbn = {0-12-745040-8},
 pages = {68--71},
 numpages = {4},
 url = {http://doi.acm.org/10.1145/800025.1198348},
 doi = {http://doi.acm.org/10.1145/800025.1198348},
 acmid = {1198348},
 publisher = {ACM},
 address = {New York, NY, USA},
}

% incol due to booktitle
@incollection{Dijkstra:1979:GSC:1241515.1241518,
 author = {Dijkstra, E.},
 title = {Go to statement considered harmful},
 booktitle = {Classics in software engineering (incoll)},
 year = {1979},
 isbn = {0-917072-14-6},
 pages = {27--33},
 numpages = {7},
 url = {http://portal.acm.org/citation.cfm?id=1241515.1241518},
 acmid = {1241518},
 publisher = {Yourdon Press},
 address = {Upper Saddle River, NJ, USA},
} 

% incol due to booktitle
@incollection{Wenzel:1992:TVA:146022.146089,
 author = {Wenzel, Elizabeth M.},
 title = {Three-dimensional virtual acoustic displays},
 booktitle = {Multimedia interface design (incoll)},
 year = {1992},
 isbn = {0-201-54981-6},
 pages = {257--288},
 numpages = {32},
 url = {http://portal.acm.org/citation.cfm?id=146022.146089},
 doi = {10.1145/146022.146089},
 acmid = {146089},
 publisher = {ACM},
 address = {New York, NY, USA},
}

% incol due to booktitle
@incollection{Mumford:1987:MES:54905.54911,
 author = {Mumford, E.},
 title = {Managerial expert systems and organizational change: some critical research issues},
 booktitle = {Critical issues in information systems research (incoll)},
 year = {1987},
 isbn = {0-471-91281-6},
 pages = {135--155},
 numpages = {21},
 url = {http://portal.acm.org/citation.cfm?id=54905.54911},
 acmid = {54911},
 publisher = {John Wiley \& Sons, Inc.},
 address = {New York, NY, USA},
} 

@book{McCracken:1990:SSC:575315,
 author = {McCracken, Daniel D. and Golden, Donald G.},
 title = {Simplified Structured COBOL with Microsoft/MicroFocus COBOL},
 year = {1990},
 isbn = {0471514071},
 publisher = {John Wiley \& Sons, Inc.},
 address = {New York, NY, USA},
} 

% Let's include Boris / BBeeton entries  (multi-volume works)

@book {MR781537,
    AUTHOR = {H{\"o}rmander, Lars},
     TITLE = {The analysis of linear partial differential operators. {III}},
    SERIES = {Grundlehren der Mathematischen Wissenschaften [Fundamental
              Principles of Mathematical Sciences]},
    VOLUME = {275},
      NOTE = {Pseudodifferential operators},  
PUBLISHER = {Springer-Verlag},
   ADDRESS = {Berlin, Germany},
      YEAR = {1985},
     PAGES = {viii+525},
      ISBN = {3-540-13828-5},
   MRCLASS = {35-02 (35Sxx 47G05 58G15)},
  MRNUMBER = {781536 (87d:35002a)},
MRREVIEWER = {Min You Qi},
}

@book {MR781536,
    AUTHOR = {H{\"o}rmander, Lars},
     TITLE = {The analysis of linear partial differential operators. {IV}},
    SERIES = {Grundlehren der Mathematischen Wissenschaften [Fundamental
              Principles of Mathematical Sciences]},
    VOLUME = {275},
      NOTE = {Fourier integral operators},  
PUBLISHER = {Springer-Verlag},
   ADDRESS = {Berlin, Germany},
      YEAR = {1985},
     PAGES = {vii+352},
      ISBN = {3-540-13829-3},
   MRCLASS = {35-02 (35Sxx 47G05 58G15)},
  MRNUMBER = {781537 (87d:35002b)},
MRREVIEWER = {Min You Qi},
}

%%%%%%%%%%%%%%%%%%%%%% Start of Aptara sample bib entries

% acmsmall-sam.bib
@InProceedings{Adya-01,
  author        = {A. Adya and P. Bahl and J. Padhye and A.Wolman and L. Zhou},
  title         = {A multi-radio unification protocol for {IEEE} 802.11 wireless networks},
  booktitle     = {Proceedings of the IEEE 1st International Conference on Broadnets Networks (BroadNets'04)},
  publisher     = "IEEE",
  address       = "Los Alamitos, CA",		  
  year          = {2004},
  pages         = "210--217"
}

@article{Akyildiz-01,
  author        = {I. F. Akyildiz and W. Su and Y. Sankarasubramaniam and E. Cayirci},
  title         = {Wireless Sensor Networks: A Survey},
  journal       = {Comm. ACM},
  volume        = 38,
  number        = "4",
  year          = {2002},
  pages         = "393--422"
}

@article{Akyildiz-02,
  author        = {I. F. Akyildiz and T. Melodia and K. R. Chowdhury},
  title         = {A Survey on Wireless Multimedia Sensor Networks},
  journal       = {Computer Netw.},
  volume        = 51,
  number        = "4",
  year          = {2007},
  pages         = "921--960"
}

@InProceedings{Bahl-02,
  author        = {P. Bahl and R. Chancre and J. Dungeon},
  title         = {{SSCH}: Slotted Seeded Channel Hopping for Capacity Improvement in {IEEE} 802.11 Ad-Hoc Wireless Networks},
  booktitle     = {Proceeding of the 10th International Conference on Mobile Computing and Networking (MobiCom'04)},
  publisher     = "ACM",
  address       = "New York, NY",		  
  year          = {2004},
  pages         = "112--117"
}

@misc{CROSSBOW,
  key       = {CROSSBOW},
  title     = {{XBOW} Sensor Motes Specifications},
  note      = {http://www.xbow.com},
  year      = 2008
}

@article{Culler-01,
  author        = {D. Culler and D. Estrin and M. Srivastava},
  title         = {Overview of Sensor Networks},
  journal       = {IEEE Comput.},
  volume        = 37,
  number        = "8 (Special Issue on Sensor Networks)",
  publisher     = "IEEE",
  address       = "Los Alamitos, CA",		  
  year          = {2004},
  pages         = "41--49"
}

@misc{Harvard-01,
    key         = {Harvard CodeBlue},
    title       = {{CodeBlue}: Sensor Networks for Medical Care},
    note        = {http://www.eecs.harvard.edu/mdw/ proj/codeblue/},
    year        = 2008
}

@InProceedings{Natarajan-01,
    author      = {A. Natarajan and M. Motani and B. de Silva and K. Yap and K. C. Chua},
    title       = {Investigating Network Architectures for Body Sensor Networks},
    booktitle   = {Network Architectures},
    editor      = {G. Whitcomb and P. Neece},
    publisher   = "Keleuven Press",
    address     = "Dayton, OH",		  
    year        = {2007},
    pages       = "322--328",
    eprint      = "960935712",
    primaryclass = "cs",
}

@techreport{Tzamaloukas-01,
  author        = {A. Tzamaloukas and J. J. Garcia-Luna-Aceves},
  title         = {Channel-Hopping Multiple Access},
  number =        {I-CA2301},
  institution =   {Department of Computer Science, University of California},
  address =       {Berkeley, CA},
  year          = {2000}
}

@BOOK{Zhou-06,
  author        = {G. Zhou and J. Lu and C.-Y. Wan and M. D. Yarvis and J. A. Stankovic},
  title         = {Body Sensor Networks},
  publisher     = "MIT Press",
  address       = "Cambridge, MA",		  
  year          = {2008}
}

@mastersthesis{ko94,
author = "Jacob Kornerup",
title = "Mapping Powerlists onto Hypercubes",
school = "The University of Texas at Austin",
note = "(In preparation)",
year = "1994"}
%month = "dec",}

@PhdThesis{gerndt:89,
  author =       "Michael Gerndt",
  title =        "Automatic Parallelization for Distributed-Memory
                  Multiprocessing Systems",
  school =       "University of Bonn",
  year =         1989,
  address =      "Bonn, Germany",
  month =        dec
}

@article{6:1:1,
author = "J. E. {Archer, Jr.} and R. Conway and F. B. Schneider",
title = "User recovery and reversal in interactive systems",
journal = "ACM Trans. Program. Lang. Syst.",
volume =  "6",
number = "1",
month = jan,
year = 1984,
pages = "1--19"}

@article{7:1:137,
author = "D. D. Dunlop and V. R. Basili",
title = "Generalizing specifications for uniformly implemented loops",
journal = "ACM Trans. Program. Lang. Syst.",
volume =  "7",
number = "1",
month = jan,
year = 1985,
pages = "137--158"}

@article{7:2:183,
author = "J. Heering and P. Klint",
title = "Towards monolingual programming environments",
journal = "ACM Trans. Program. Lang. Syst.",
volume =  "7",
number = "2",
month = apr,
year = 1985,
pages = "183--213"}

@book{knuth:texbook,
author = "Donald E. Knuth",
title = "The {\TeX{}book}",
publisher = "Addison-Wesley",
address = "Reading, MA.",
year = 1984}

@article{6:3:380,
author = "E. Korach and D.  Rotem and N. Santoro",
title = "Distributed algorithms for finding centers and medians in networks",
journal = "ACM Trans. Program. Lang. Syst.",
volume =  "6",
number = "3",
month = jul,
year = 1984,
pages = "380--401"}

@book{lamport:latex,
author = "Leslie Lamport",
title = "\it {\LaTeX}: A Document Preparation System",
publisher = "Addison-Wesley",
address = "Reading, MA.",
year = 1986}

@article{7:3:359,
author = "F. Nielson",
title = "Program transformations in a denotational setting",
journal = "ACM Trans. Program. Lang. Syst.",
volume =  "7",
number = "3",
month = jul,
year = 1985,
pages = "359--379"}

%testing
@BOOK{test,
   author = "Donald E. Knuth",
   title = "Seminumerical Algorithms",
   volume = 2,
   series = "The Art of Computer Programming",
   publisher = "Addison-Wesley",
   address = "Reading, MA",
   edition = "2nd",
   month = "10~" # jan,
   year = "1981",
}

@inproceedings{reid:scribe,
author = "Brian K. Reid",
title = "A high-level approach to computer document formatting",
booktitle = "Proceedings of the 7th Annual Symposium on Principles of
  Programming Languages",
month = jan,
year = 1980,
publisher = "ACM",
address = "New York",		  
pages = "24--31"}

@article{Zhou:2010:MMS:1721695.1721705,
 author = {Zhou, Gang and Wu, Yafeng and Yan, Ting and He, Tian and Huang, Chengdu and Stankovic, John A. and Abdelzaher, Tarek F.},
 title = {A multifrequency MAC specially designed for wireless sensor network applications},
 journal = {ACM Trans. Embed. Comput. Syst.},
 issue_date = {March 2010},
 volume = 9,
 number = 4,
 month = {April},
 year = 2010,
 issn = {1539-9087},
 pages = {39:1--39:41},
 articleno = 39,
 numpages = 41,
 url = {http://doi.acm.org/10.1145/1721695.1721705},
 doi = {10.1145/1721695.1721705},
 acmid = 1721705,
 publisher = {ACM},
 address = {New York, NY, USA},
 keywords = {Wireless sensor networks, media access control, multi-channel, radio interference, time synchronization},
}


@online{TUGInstmem,
  key =          {TUG},
  year  =        2017,
  title =        "Institutional members of the {\TeX} Users Group",
  url =           "http://wwtug.org/instmem.html",
  lastaccessed = "May 27, 2017",
}

@online{CTANacmart,
  author =    {Boris Veytsman},
  title =  {acmart---{C}lass for typesetting publications of {ACM}},
  url =    {http://www.ctan.org/pkg/acmart},
  lastaccessed = {May 27, 2017}
  }

@ARTICLE{bowman:reasoning,
    author = {Bowman, Mic and Debray, Saumya K. and Peterson, Larry L.},
    title = {Reasoning About Naming Systems},
    journal = {ACM Trans. Program. Lang. Syst.},
    volume = {15},
    number = {5},
    pages = {795-825},
    month = {November},
    year = {1993},
    doi = {10.1145/161468.161471},
}

@ARTICLE{braams:babel,
    author = {Braams, Johannes},
    title = {Babel, a Multilingual Style-Option System for Use with LaTeX's Standard Document Styles},
    journal = {TUGboat},
    volume = {12},
    number = {2},
    pages = {291-301},
    month = {June},
    year = {1991},
}

@INPROCEEDINGS{clark:pct,
	AUTHOR = "Malcolm Clark",
	TITLE = "Post Congress Tristesse",
	BOOKTITLE = "TeX90 Conference Proceedings",
	PAGES = "84-89",
	ORGANIZATION = "TeX Users Group",
	MONTH = "March", 
	YEAR = {1991}	}

@ARTICLE{herlihy:methodology,
    author = {Herlihy, Maurice},
    title = {A Methodology for Implementing Highly Concurrent Data Objects},
    journal = {ACM Trans. Program. Lang. Syst.},
    volume = {15},
    number = {5},
    pages = {745-770},
    month = {November},
    year = {1993},
    doi = {10.1145/161468.161469},
}

@BOOK{salas:calculus,
	AUTHOR = "S.L. Salas and Einar Hille",
	TITLE = "Calculus: One and Several Variable",
	PUBLISHER = "John Wiley and Sons",
	ADDRESS = "New York",
	YEAR = "1978"	}

@MANUAL{Fear05,
  title = 	 {Publication quality tables in {\LaTeX}},
  author =	 {Simon Fear},
  month =	 {April},
  year =	 2005,
  note =	 {\url{http://www.ctan.org/pkg/booktabs}}
}

@Manual{Amsthm15,
  title = 	 {Using the amsthm Package},
  organization = {American Mathematical Society},
  month =	 {April},
  year =	 2015,
  note =	 {\url{http://www.ctan.org/pkg/amsthm}}
}

%%
%% WinShell 3.3.2.6
%% http://www.winshell.org/
%%

% Strings


% Preamble


% BibTeX Entries
@ARTICLE{conv-arith,
	author = {{Dumoulin}, V. and {Visin}, F.},
	title = "{A guide to convolution arithmetic for deep learning}",
	journal = {ArXiv e-prints},
	archivePrefix = "arXiv",
	eprint = {1603.07285},
	primaryClass = "stat.ML",
	keywords = {Statistics - Machine Learning, Computer Science - Learning, Computer Science - Neural and Evolutionary Computing},
	year = 2016,
	month = mar,
	adsurl = {http://adsabs.harvard.edu/abs/2016arXiv160307285D},
	adsnote = {Provided by the SAO/NASA Astrophysics Data System}
}

@article{bAbi,
	author    = {Jason Weston and
	Antoine Bordes and
	Sumit Chopra and
	Tomas Mikolov},
	title     = {Towards AI-Complete Question Answering: {A} Set of Prerequisite Toy
	Tasks},
	journal   = {CoRR},
	volume    = {abs/1502.05698},
	year      = {2015},
	url       = {http://arxiv.org/abs/1502.05698},
	timestamp = {Wed, 07 Jun 2017 14:42:32 +0200},
	biburl    = {http://dblp.uni-trier.de/rec/bib/journals/corr/WestonBCM15},
	bibsource = {dblp computer science bibliography, http://dblp.org}
}

@article{neural-turing-machine,
	author    = {Alex Graves and
	Greg Wayne and
	Ivo Danihelka},
	title     = {Neural Turing Machines},
	journal   = {CoRR},
	volume    = {abs/1410.5401},
	year      = {2014},
	url       = {http://arxiv.org/abs/1410.5401},
	timestamp = {Wed, 07 Jun 2017 14:42:19 +0200},
	biburl    = {http://dblp.uni-trier.de/rec/bib/journals/corr/GravesWD14},
	bibsource = {dblp computer science bibliography, http://dblp.org}
}

@inproceedings{re-embedding,
	title={Re-embedding words.},
	author={Labutov, Igor and Lipson, Hod},
	booktitle={ACL (2)},
	pages={489--493},
	year={2013}
}


@inproceedings{ganitkevitch2013ppdb,
	title = {{PPDB}: The Paraphrase Database},
	author = {Ganitkevitch, Juri and {Van Durme}, Benjamin and
	Callison-Burch, Chris},
	booktitle = {Proceedings of NAACL-HLT},
	pages = {758--764},
	month = {June},   year={2013},
	address = {Atlanta, Georgia},
	publisher = {Association for Computational Linguistics},
	url = {http://cs.jhu.edu/~ccb/publications/ppdb.pdf}
} 

@article{skip-thought,
	author    = {Ryan Kiros and
	Yukun Zhu and
	Ruslan Salakhutdinov and
	Richard S. Zemel and
	Antonio Torralba and
	Raquel Urtasun and
	Sanja Fidler},
	title     = {Skip-Thought Vectors},
	journal   = {CoRR},
	volume    = {abs/1506.06726},
	year      = {2015},
	url       = {http://arxiv.org/abs/1506.06726},
	timestamp = {Thu, 13 Jul 2017 11:49:40 +0200},
	biburl    = {http://dblp.uni-trier.de/rec/bib/journals/corr/KirosZSZTUF15},
	bibsource = {dblp computer science bibliography, http://dblp.org}
}

@article{tag-embedding-rnn,
	author = {Qian, Qiao and Tian, Bo and Huang, Minlie and Liu, Yang and Zhu, Xuan and Zhu, Xiaoyan},
	year = {2015},
	month = {01},
	pages = {1365-1374},
	title = {Learning Tag Embeddings and Tag-specific Composition Functions in Recursive Neural Network}
}

@article{amazon-reviews,
	author    = {Julian McAuley and
	Alex Yang},
	title     = {Addressing Complex and Subjective Product-Related Queries with Customer
	Reviews},
	journal   = {CoRR},
	volume    = {abs/1512.06863},
	year      = {2015},
	url       = {http://arxiv.org/abs/1512.06863},
	timestamp = {Wed, 07 Jun 2017 14:40:17 +0200},
	biburl    = {http://dblp.uni-trier.de/rec/bib/journals/corr/McAuleyY15},
	bibsource = {dblp computer science bibliography, http://dblp.org}
}

@article{McAuleyTSH15,
	author    = {Julian J. McAuley and
	Christopher Targett and
	Qinfeng Shi and
	Anton van den Hengel},
	title     = {Image-based Recommendations on Styles and Substitutes},
	journal   = {CoRR},
	volume    = {abs/1506.04757},
	year      = {2015},
	url       = {http://arxiv.org/abs/1506.04757},
	timestamp = {Wed, 07 Jun 2017 14:42:19 +0200},
	biburl    = {http://dblp.uni-trier.de/rec/bib/journals/corr/McAuleyTSH15},
	bibsource = {dblp computer science bibliography, http://dblp.org}
}


@article{HeM16,
	author    = {Ruining He and
	Julian McAuley},
	title     = {Ups and Downs: Modeling the Visual Evolution of Fashion Trends with
	One-Class Collaborative Filtering},
	journal   = {CoRR},
	volume    = {abs/1602.01585},
	year      = {2016},
	url       = {http://arxiv.org/abs/1602.01585},
	timestamp = {Wed, 07 Jun 2017 14:41:00 +0200},
	biburl    = {http://dblp.uni-trier.de/rec/bib/journals/corr/HeM16},
	bibsource = {dblp computer science bibliography, http://dblp.org}
}

@inproceedings{tran-auto-encoder-old,
	author = {Hinton, Geoffrey E. and Krizhevsky, Alex and Wang, Sida D.},
	title = {Transforming Auto-encoders},
	booktitle = {Proceedings of the 21th International Conference on Artificial Neural Networks - Volume Part I},
	series = {ICANN'11},
	year = {2011},
	isbn = {978-3-642-21734-0},
	location = {Espoo, Finland},
	pages = {44--51},
	numpages = {8},
	url = {http://dl.acm.org/citation.cfm?id=2029556.2029562},
	acmid = {2029562},
	publisher = {Springer-Verlag},
	address = {Berlin, Heidelberg},
	keywords = {auto-encoder, invariance, shape representation},
} 

@inproceedings{tran-auto-encoder,
	meoworiginaltitle={hinton2011transforming},
	title={Transforming auto-encoders},
	author={Hinton, Geoffrey E and Krizhevsky, Alex and Wang, Sida D},
	booktitle={International Conference on Artificial Neural Networks},
	pages={44--51},
	year={2011},
	organization={Springer}
}

@article{knowledge-matter,
	author    = {{\c{C}}aglar G{\"{u}}l{\c{c}}ehre and
	Yoshua Bengio},
	title     = {Knowledge Matters: Importance of Prior Information for Optimization},
	journal   = {CoRR},
	volume    = {abs/1301.4083},
	year      = {2013},
	url       = {http://arxiv.org/abs/1301.4083},
	timestamp = {Wed, 07 Jun 2017 14:41:53 +0200},
	biburl    = {http://dblp.uni-trier.de/rec/bib/journals/corr/abs-1301-4083},
	bibsource = {dblp computer science bibliography, http://dblp.org}
}

@article{Rotten-Tomato,
	author    = {Bo Pang and
	Lillian Lee},
	title     = {Seeing stars: Exploiting class relationships for sentiment categorization
	with respect to rating scales},
	journal   = {CoRR},
	volume    = {abs/cs/0506075},
	year      = {2005},
	url       = {http://arxiv.org/abs/cs/0506075},
	timestamp = {Wed, 07 Jun 2017 14:43:00 +0200},
	biburl    = {http://dblp.uni-trier.de/rec/bib/journals/corr/abs-cs-0506075},
	bibsource = {dblp computer science bibliography, http://dblp.org}
}

@article{semisup-seq2seq,
	author    = {Andrew M. Dai and
	Quoc V. Le},
	title     = {Semi-supervised Sequence Learning},
	journal   = {CoRR},
	volume    = {abs/1511.01432},
	year      = {2015},
	url       = {http://arxiv.org/abs/1511.01432},
	timestamp = {Wed, 07 Jun 2017 14:42:09 +0200},
	biburl    = {http://dblp.uni-trier.de/rec/bib/journals/corr/DaiL15a},
	bibsource = {dblp computer science bibliography, http://dblp.org}
}


@article{2-layer-cnn,
	author    = {Wenpeng Yin and
	Hinrich Sch{\"{u}}tze},
	title     = {Multichannel Variable-Size Convolution for Sentence Classification},
	journal   = {CoRR},
	volume    = {abs/1603.04513},
	year      = {2016},
	url       = {http://arxiv.org/abs/1603.04513},
	timestamp = {Wed, 07 Jun 2017 14:41:20 +0200},
	biburl    = {http://dblp.uni-trier.de/rec/bib/journals/corr/YinS16},
	bibsource = {dblp computer science bibliography, http://dblp.org}
}

@article{ZarembaS14,
	author    = {Wojciech Zaremba and
	Ilya Sutskever},
	title     = {Learning to Execute},
	journal   = {CoRR},
	volume    = {abs/1410.4615},
	year      = {2014},
	url       = {http://arxiv.org/abs/1410.4615},
	timestamp = {Wed, 07 Jun 2017 14:41:29 +0200},
	biburl    = {http://dblp.uni-trier.de/rec/bib/journals/corr/ZarembaS14},
	bibsource = {dblp computer science bibliography, http://dblp.org}
}

@article{evaluate-GRU,
	author    = {Junyoung Chung and
	{\c{C}}aglar G{\"{u}}l{\c{c}}ehre and
	KyungHyun Cho and
	Yoshua Bengio},
	title     = {Empirical Evaluation of Gated Recurrent Neural Networks on Sequence
	Modeling},
	journal   = {CoRR},
	volume    = {abs/1412.3555},
	year      = {2014},
	url       = {http://arxiv.org/abs/1412.3555},
	timestamp = {Wed, 07 Jun 2017 14:40:04 +0200},
	biburl    = {http://dblp.uni-trier.de/rec/bib/journals/corr/ChungGCB14},
	bibsource = {dblp computer science bibliography, http://dblp.org}
}

@book{Graves-thesis,
	author    = {Alex Graves},
	title     = {Supervised Sequence Labelling with Recurrent Neural Networks},
	series    = {Studies in Computational Intelligence},
	volume    = {385},
	publisher = {Springer},
	year      = {2012},
	url       = {https://doi.org/10.1007/978-3-642-24797-2},
	doi       = {10.1007/978-3-642-24797-2},
	isbn      = {978-3-642-24796-5},
	timestamp = {Tue, 16 May 2017 14:24:36 +0200},
	biburl    = {http://dblp.uni-trier.de/rec/bib/series/sci/2012-385},
	bibsource = {dblp computer science bibliography, http://dblp.org}
}


@article{GRU,
	author    = {KyungHyun Cho and
	Bart van Merrienboer and
	Dzmitry Bahdanau and
	Yoshua Bengio},
	title     = {On the Properties of Neural Machine Translation: Encoder-Decoder Approaches},
	journal   = {CoRR},
	volume    = {abs/1409.1259},
	year      = {2014},
	url       = {http://arxiv.org/abs/1409.1259},
	timestamp = {Wed, 07 Jun 2017 14:42:33 +0200},
	biburl    = {http://dblp.uni-trier.de/rec/bib/journals/corr/ChoMBB14},
	bibsource = {dblp computer science bibliography, http://dblp.org}
}


@article{Bengio1994,
	author = {Bengio, Y. and Simard, P. and Frasconi, P.},
	title = {Learning Long-term Dependencies with Gradient Descent is Difficult},
	journal = {Trans. Neur. Netw.},
	issue_date = {March 1994},
	volume = {5},
	number = {2},
	month = mar,
	year = {1994},
	issn = {1045-9227},
	pages = {157--166},
	numpages = {10},
	url = {http://dx.doi.org/10.1109/72.279181},
	doi = {10.1109/72.279181},
	acmid = {2328340},
	publisher = {IEEE Press},
	address = {Piscataway, NJ, USA},
} 

@inproceedings{rnn-turing-complete,
	author = {Siegelmann, Hava T. and Sontag, Eduardo D.},
	title = {On the Computational Power of Neural Nets},
	booktitle = {Proceedings of the Fifth Annual Workshop on Computational Learning Theory},
	series = {COLT '92},
	year = {1992},
	isbn = {0-89791-497-X},
	location = {Pittsburgh, Pennsylvania, USA},
	pages = {440--449},
	numpages = {10},
	url = {http://doi.acm.org/10.1145/130385.130432},
	doi = {10.1145/130385.130432},
	acmid = {130432},
	publisher = {ACM},
	address = {New York, NY, USA},
} 



@inproceedings{truncatedBPTT,
	title={A tutorial on training recurrent neural networks, covering BPPT, RTRL, EKF and the "echo state network" approach},
	author={Herbert Jaeger},
	year={2005}
}

@INPROCEEDINGS{peephole,
	author={F. A. Gers and J. Schmidhuber},
	booktitle={Proceedings of the IEEE-INNS-ENNS International Joint Conference on Neural Networks. IJCNN 2000. Neural Computing: New Challenges and Perspectives for the New Millennium},
	title={Recurrent nets that time and count},
	year={2000},
	volume={3},
	pages={189-194 vol.3},
	keywords={counting circuits;learning (artificial intelligence);recurrent neural nets;sequences;timing;LSTM;RNN;counting;discrete time steps;highly-nonlinear precisely-timed spike sequences;internal cells;long short-term memory;motor control;multiplicative gates;peephole connections;recurrent neural networks;rhythm detection;sequential tasks;stable sequences;time intervals;timing;Delay;Event detection;Hidden Markov models;Humans;Motor drives;Pattern recognition;Performance loss;Recurrent neural networks;Rhythm;World Wide Web},
	doi={10.1109/IJCNN.2000.861302},
	ISSN={1098-7576},
	month={},}



@incollection{BPTT,
	author = {Mozer, Michael C.},
	chapter = {A Focused Backpropagation Algorithm for Temporal Pattern Recognition},
	title = {Backpropagation},
	editor = {Chauvin, Yves and Rumelhart, David E.},
	year = {1995},
	isbn = {0-8058-1259-8},
	pages = {137--169},
	numpages = {33},
	url = {http://dl.acm.org/citation.cfm?id=201784.201791},
	acmid = {201791},
	publisher = {L. Erlbaum Associates Inc.},
	address = {Hillsdale, NJ, USA},
} 

@misc{colah-lsmt,
	author        = {Christopher Olah},
	title         = {Understanding LSTM Networks},
	year          = {2015},
	URL = { 
	colah.github.io/posts/2015-08-Understanding-LSTMs/
	}
}

@misc{element-prod,
	author        = {Elizabeth Million},
	title         = {The Hadamard Product},
	year          = {2007},
	URL = { 
	http://buzzard.ups.edu/courses/2007spring/projects/million-paper.pdf
	}
}

@misc{rnn-def,
	author        = {John A. Bullinaria},
	title         = {Recurrent Neural Networks
	Neural Computation : Lecture 12},
	year          = {2015},
	URL = { 
	www.cs.bham.ac.uk/~jxb/INC/l12.pdf   
	}
}

@book{deeplearning-book,
	title={Deep Learning},
	author={Ian Goodfellow and Yoshua Bengio and Aaron Courville},
	publisher={MIT Press},
	note={\url{http://www.deeplearningbook.org}},
	year={2016}
}

@article{Schmidhuber14,
	author    = {J{\"{u}}rgen Schmidhuber},
	title     = {Deep Learning in Neural Networks: An Overview},
	journal   = {CoRR},
	volume    = {abs/1404.7828},
	year      = {2014},
	url       = {http://arxiv.org/abs/1404.7828},
	timestamp = {Wed, 07 Jun 2017 14:40:13 +0200},
	biburl    = {http://dblp.uni-trier.de/rec/bib/journals/corr/Schmidhuber14},
	bibsource = {dblp computer science bibliography, http://dblp.org}
}

@article{deep-nlp,
	author = { Yoav
	Goldberg },
	title = {Neural Network Methods for Natural Language Processing},
	journal = {Synthesis Lectures on Human Language Technologies},
	volume = {10},
	number = {1},
	pages = {1-309},
	year = {2017},
	doi = {10.2200/S00762ED1V01Y201703HLT037},
	
	URL = { 
	https://doi.org/10.2200/S00762ED1V01Y201703HLT037
	
	},
	eprint = { 
	https://doi.org/10.2200/S00762ED1V01Y201703HLT037
	
	}
	
}

@article{MiaoGM15-old,
	author    = {Yajie Miao and
	Mohammad Gowayyed and
	Florian Metze},
	title     = {{EESEN:} End-to-End Speech Recognition using Deep {RNN} Models and
	WFST-based Decoding},
	journal   = {CoRR},
	volume    = {abs/1507.08240},
	year      = {2015},
	url       = {http://arxiv.org/abs/1507.08240},
	timestamp = {Wed, 07 Jun 2017 14:40:16 +0200},
	biburl    = {http://dblp.uni-trier.de/rec/bib/journals/corr/MiaoGM15},
	bibsource = {dblp computer science bibliography, http://dblp.org}
}

@inproceedings{MiaoGM15,
	meoworiginal={},
	title={EESEN: End-to-end speech recognition using deep RNN models and WFST-based decoding},
	author={Miao, Yajie and Gowayyed, Mohammad and Metze, Florian},
	booktitle={Automatic Speech Recognition and Understanding (ASRU), 2015 IEEE Workshop on},
	pages={167--174},
	year={2015},
	organization={IEEE}
}

@article{JozefowiczVSSW16,
	author    = {Rafal J{\'{o}}zefowicz and
	Oriol Vinyals and
	Mike Schuster and
	Noam Shazeer and
	Yonghui Wu},
	title     = {Exploring the Limits of Language Modeling},
	journal   = {CoRR},
	volume    = {abs/1602.02410},
	year      = {2016},
	url       = {http://arxiv.org/abs/1602.02410},
	timestamp = {Wed, 07 Jun 2017 14:42:03 +0200},
	biburl    = {http://dblp.uni-trier.de/rec/bib/journals/corr/JozefowiczVSSW16},
	bibsource = {dblp computer science bibliography, http://dblp.org}
}



@article{BritzGLL17,
	author    = {Denny Britz and
	Anna Goldie and
	Minh{-}Thang Luong and
	Quoc V. Le},
	title     = {Massive Exploration of Neural Machine Translation Architectures},
	journal   = {CoRR},
	volume    = {abs/1703.03906},
	year      = {2017},
	url       = {http://arxiv.org/abs/1703.03906},
	timestamp = {Wed, 07 Jun 2017 14:41:30 +0200},
	biburl    = {http://dblp.uni-trier.de/rec/bib/journals/corr/BritzGLL17},
	bibsource = {dblp computer science bibliography, http://dblp.org}
}



@article{SutskeverVL14,
	author    = {Ilya Sutskever and
	Oriol Vinyals and
	Quoc V. Le},
	title     = {Sequence to Sequence Learning with Neural Networks},
	journal   = {CoRR},
	volume    = {abs/1409.3215},
	year      = {2014},
	url       = {http://arxiv.org/abs/1409.3215},
	timestamp = {Wed, 07 Jun 2017 14:40:10 +0200},
	biburl    = {http://dblp.uni-trier.de/rec/bib/journals/corr/SutskeverVL14},
	bibsource = {dblp computer science bibliography, http://dblp.org}
}


@article{FiratCB16,
	author    = {Orhan Firat and
	KyungHyun Cho and
	Yoshua Bengio},
	title     = {Multi-Way, Multilingual Neural Machine Translation with a Shared Attention
	Mechanism},
	journal   = {CoRR},
	volume    = {abs/1601.01073},
	year      = {2016},
	url       = {http://arxiv.org/abs/1601.01073},
	timestamp = {Wed, 07 Jun 2017 14:42:48 +0200},
	biburl    = {http://dblp.uni-trier.de/rec/bib/journals/corr/FiratCB16},
	bibsource = {dblp computer science bibliography, http://dblp.org}
}

@article{NallapatiXZ16,
	author    = {Ramesh Nallapati and
	Bing Xiang and
	Bowen Zhou},
	title     = {Sequence-to-Sequence RNNs for Text Summarization},
	journal   = {CoRR},
	volume    = {abs/1602.06023},
	year      = {2016},
	url       = {http://arxiv.org/abs/1602.06023},
	timestamp = {Wed, 07 Jun 2017 14:40:56 +0200},
	biburl    = {http://dblp.uni-trier.de/rec/bib/journals/corr/NallapatiXZ16},
	bibsource = {dblp computer science bibliography, http://dblp.org}
}

@article{RushCW15,
	author    = {Alexander M. Rush and
	Sumit Chopra and
	Jason Weston},
	title     = {A Neural Attention Model for Abstractive Sentence Summarization},
	journal   = {CoRR},
	volume    = {abs/1509.00685},
	year      = {2015},
	url       = {http://arxiv.org/abs/1509.00685},
	timestamp = {Wed, 07 Jun 2017 14:43:04 +0200},
	biburl    = {http://dblp.uni-trier.de/rec/bib/journals/corr/RushCW15},
	bibsource = {dblp computer science bibliography, http://dblp.org}
}

@article{gru,
	author    = {Junyoung Chung and
	{\c{C}}aglar G{\"{u}}l{\c{c}}ehre and
	KyungHyun Cho and
	Yoshua Bengio},
	title     = {Empirical Evaluation of Gated Recurrent Neural Networks on Sequence
	Modeling},
	journal   = {CoRR},
	volume    = {abs/1412.3555},
	year      = {2014},
	url       = {http://arxiv.org/abs/1412.3555},
	timestamp = {Wed, 07 Jun 2017 14:40:04 +0200},
	biburl    = {http://dblp.uni-trier.de/rec/bib/journals/corr/ChungGCB14},
	bibsource = {dblp computer science bibliography, http://dblp.org}
}


@article{attention-gru,
	author    = {Ankit Kumar and
	Ozan Irsoy and
	Jonathan Su and
	James Bradbury and
	Robert English and
	Brian Pierce and
	Peter Ondruska and
	Ishaan Gulrajani and
	Richard Socher},
	title     = {Ask Me Anything: Dynamic Memory Networks for Natural Language Processing},
	journal   = {CoRR},
	volume    = {abs/1506.07285},
	year      = {2015},
	url       = {http://arxiv.org/abs/1506.07285},
	timestamp = {Wed, 07 Jun 2017 14:42:30 +0200},
	biburl    = {http://dblp.uni-trier.de/rec/bib/journals/corr/KumarISBEPOGS15},
	bibsource = {dblp computer science bibliography, http://dblp.org}
}

@inproceedings{cnn-rnn,
	title={Combination of Convolutional and Recurrent Neural Network for Sentiment Analysis of Short Texts},
	author={Xingyou Wang and Weijie Jiang and Zhiyong Luo},
	booktitle={COLING},
	year={2016}
}




@article{speech-lstm,
	author    = {Alex Graves and
	Abdel{-}rahman Mohamed and
	Geoffrey E. Hinton},
	title     = {Speech Recognition with Deep Recurrent Neural Networks},
	journal   = {CoRR},
	volume    = {abs/1303.5778},
	year      = {2013},
	url       = {http://arxiv.org/abs/1303.5778},
	timestamp = {Wed, 07 Jun 2017 14:43:10 +0200},
	biburl    = {http://dblp.uni-trier.de/rec/bib/journals/corr/abs-1303-5778},
	bibsource = {dblp computer science bibliography, http://dblp.org}
}



@MISC{perplexity,
	author = {Stanley Chen and Douglas Beeferman and Ronald Rosenfeld},
	title = {Evaluation Metrics For Language Models},
	year = {1998}
}

@inproceedings{conf/interspeech/MikolovKBCK10,
	added-at = {2015-04-09T00:00:00.000+0200},
	author = {Mikolov, Tomas and Karafiát, Martin and Burget, Lukás and Cernocký, Jan and Khudanpur, Sanjeev},
	biburl = {https://www.bibsonomy.org/bibtex/2aee1e280d06e82474b17c4996aaea076/dblp},
	booktitle = {INTERSPEECH},
	crossref = {conf/interspeech/2010},
	editor = {Kobayashi, Takao and Hirose, Keikichi and Nakamura, Satoshi},
	ee = {http://www.isca-speech.org/archive/interspeech_2010/i10_1045.html},
	interhash = {9cabdcef2ed097906bff2cb7a327e61e},
	intrahash = {aee1e280d06e82474b17c4996aaea076},
	keywords = {dblp},
	pages = {1045-1048},
	publisher = {ISCA},
	timestamp = {2015-06-21T06:10:05.000+0200},
	title = {Recurrent neural network based language model.},
	url = {http://dblp.uni-trier.de/db/conf/interspeech/interspeech2010.html#MikolovKBCK10},
	year = 2010
}

@inproceedings{mikolov-nlm,
	added-at = {2015-04-09T00:00:00.000+0200},
	author = {Mikolov, Tomas and Karafiát, Martin and Burget, Lukás and Cernocký, Jan and Khudanpur, Sanjeev},
	biburl = {https://www.bibsonomy.org/bibtex/2aee1e280d06e82474b17c4996aaea076/dblp},
	booktitle = {INTERSPEECH},
	crossref = {conf/interspeech/2010},
	editor = {Kobayashi, Takao and Hirose, Keikichi and Nakamura, Satoshi},
	ee = {http://www.isca-speech.org/archive/interspeech_2010/i10_1045.html},
	interhash = {9cabdcef2ed097906bff2cb7a327e61e},
	intrahash = {aee1e280d06e82474b17c4996aaea076},
	keywords = {dblp},
	pages = {1045-1048},
	publisher = {ISCA},
	timestamp = {2015-06-21T06:10:05.000+0200},
	title = {Recurrent neural network based language model.},
	url = {http://dblp.uni-trier.de/db/conf/interspeech/interspeech2010.html#MikolovKBCK10},
	year = 2010
}



@inproceedings{pretrain-1,
	author = {Dahl, George E. and Ranzato, Marc'Aurelio and Mohamed, Abdel-rahman and Hinton, Geoffrey},
	title = {Phone Recognition with the Mean-covariance Restricted Boltzmann Machine},
	booktitle = {Proceedings of the 23rd International Conference on Neural Information Processing Systems},
	series = {NIPS'10},
	year = {2010},
	location = {Vancouver, British Columbia, Canada},
	pages = {469--477},
	numpages = {9},
	url = {http://dl.acm.org/citation.cfm?id=2997189.2997242},
	acmid = {2997242},
	publisher = {Curran Associates Inc.},
	address = {USA},
}

@incollection{greedy-layer-bengio,
	title = {Greedy Layer-Wise Training of Deep Networks},
	author = {Bengio, Yoshua and Pascal Lamblin and Dan Popovici and Larochelle, Hugo},
	booktitle = {Advances in Neural Information Processing Systems 19},
	editor = {P. B. Sch\"{o}lkopf and J. C. Platt and T. Hoffman},
	pages = {153--160},
	year = {2007},
	publisher = {MIT Press},
	url = {http://papers.nips.cc/paper/3048-greedy-layer-wise-training-of-deep-networks.pdf}
}

@article{greedy-layer,
	author = {Hinton, Geoffrey E. and Osindero, Simon and Teh, Yee-Whye},
	title = {A Fast Learning Algorithm for Deep Belief Nets},
	journal = {Neural Comput.},
	issue_date = {July 2006},
	volume = {18},
	number = {7},
	month = jul,
	year = {2006},
	issn = {0899-7667},
	pages = {1527--1554},
	numpages = {28},
	url = {http://dx.doi.org/10.1162/neco.2006.18.7.1527},
	doi = {10.1162/neco.2006.18.7.1527},
	acmid = {1161605},
	publisher = {MIT Press},
	address = {Cambridge, MA, USA},
}

@article{why-unsupervised,
	author = {Erhan, Dumitru and Bengio, Yoshua and Courville, Aaron and Manzagol, Pierre-Antoine and Vincent, Pascal and Bengio, Samy},
	title = {Why Does Unsupervised Pre-training Help Deep Learning?},
	journal = {J. Mach. Learn. Res.},
	issue_date = {3/1/2010},
	volume = {11},
	month = mar,
	year = {2010},
	issn = {1532-4435},
	pages = {625--660},
	numpages = {36},
	url = {http://dl.acm.org/citation.cfm?id=1756006.1756025},
	acmid = {1756025},
	publisher = {JMLR.org},
}


@article{need-tree,
	author    = {Jiwei Li and
	Dan Jurafsky and
	Eduard H. Hovy},
	title     = {When Are Tree Structures Necessary for Deep Learning of Representations?},
	journal   = {CoRR},
	volume    = {abs/1503.00185},
	year      = {2015},
	url       = {http://arxiv.org/abs/1503.00185},
	timestamp = {Wed, 07 Jun 2017 14:40:06 +0200},
	biburl    = {http://dblp.uni-trier.de/rec/bib/journals/corr/LiJH15},
	bibsource = {dblp computer science bibliography, http://dblp.org}
}

@article{bowman-treevslstm-old,
	author    = {Samuel R. Bowman and
	Christopher D. Manning and
	Christopher Potts},
	title     = {Tree-structured composition in neural networks without tree-structured
	architectures},
	journal   = {CoRR},
	volume    = {abs/1506.04834},
	year      = {2015},
	url       = {http://arxiv.org/abs/1506.04834},
	timestamp = {Wed, 07 Jun 2017 14:42:50 +0200},
	biburl    = {http://dblp.uni-trier.de/rec/bib/journals/corr/BowmanMP15},
	bibsource = {dblp computer science bibliography, http://dblp.org}
}

@inproceedings{bowman-treevslstm, 
	meowcomment={original cite phrase is bowman2015tree},
	title={Tree-structured composition in neural networks without tree-structured architectures},
	author={Bowman, Samuel R and Manning, Christopher D and Potts, Christopher},
	booktitle={Proceedings of the 2015th International Conference on Cognitive Computation: Integrating Neural and Symbolic Approaches-Volume 1583},
	pages={37--42},
	year={2015},
	organization={CEUR-WS. org}
}

@article{lstm-search,
	author    = {Klaus Greff and
	Rupesh Kumar Srivastava and
	Jan Koutn{\'{\i}}k and
	Bas R. Steunebrink and
	J{\"{u}}rgen Schmidhuber},
	title     = {{LSTM:} {A} Search Space Odyssey},
	journal   = {CoRR},
	volume    = {abs/1503.04069},
	year      = {2015},
	url       = {http://arxiv.org/abs/1503.04069},
	timestamp = {Wed, 07 Jun 2017 14:42:57 +0200},
	biburl    = {http://dblp.uni-trier.de/rec/bib/journals/corr/GreffSKSS15},
	bibsource = {dblp computer science bibliography, http://dblp.org}
}

@article{understand-lstm,
	author    = {Andrej Karpathy and
	Justin Johnson and
	Fei{-}Fei Li},
	title     = {Visualizing and Understanding Recurrent Networks},
	journal   = {CoRR},
	volume    = {abs/1506.02078},
	year      = {2015},
	url       = {http://arxiv.org/abs/1506.02078},
	timestamp = {Wed, 07 Jun 2017 14:42:54 +0200},
	biburl    = {http://dblp.uni-trier.de/rec/bib/journals/corr/KarpathyJL15},
	bibsource = {dblp computer science bibliography, http://dblp.org}
}

@article{shift-reduce,
	author    = {Samuel R. Bowman and
	Jon Gauthier and
	Abhinav Rastogi and
	Raghav Gupta and
	Christopher D. Manning and
	Christopher Potts},
	title     = {A Fast Unified Model for Parsing and Sentence Understanding},
	journal   = {CoRR},
	volume    = {abs/1603.06021},
	year      = {2016},
	url       = {http://arxiv.org/abs/1603.06021},
	timestamp = {Wed, 07 Jun 2017 14:40:40 +0200},
	biburl    = {http://dblp.uni-trier.de/rec/bib/journals/corr/BowmanGRGMP16},
	bibsource = {dblp computer science bibliography, http://dblp.org}
}

@article{adadelta,
	author    = {Matthew D. Zeiler},
	title     = {{ADADELTA:} An Adaptive Learning Rate Method},
	journal   = {CoRR},
	volume    = {abs/1212.5701},
	year      = {2012},
	url       = {http://arxiv.org/abs/1212.5701},
	timestamp = {Wed, 07 Jun 2017 14:43:02 +0200},
	biburl    = {http://dblp.uni-trier.de/rec/bib/journals/corr/abs-1212-5701},
	bibsource = {dblp computer science bibliography, http://dblp.org}
}

@inproceedings{rectifier,
	Publisher = {Omnipress},
	Title = {Rectified Linear Units Improve Restricted Boltzmann Machines},
	Url = {http://www.icml2010.org/papers/432.pdf},
	Booktitle = {Proceedings of the 27th International Conference on Machine Learning (ICML-10)},
	Author = {Vinod Nair and Geoffrey E. Hinton},
	Editor = {Johannes Fürnkranz and Thorsten Joachims},
	Year = {2010},
	Pages = {807-814}
}

@article{word2vec,
	author    = {Tomas Mikolov and
	Ilya Sutskever and
	Kai Chen and
	Greg Corrado and
	Jeffrey Dean},
	title     = {Distributed Representations of Words and Phrases and their Compositionality},
	journal   = {CoRR},
	volume    = {abs/1310.4546},
	year      = {2013},
	url       = {http://arxiv.org/abs/1310.4546},
	timestamp = {Wed, 07 Jun 2017 14:40:03 +0200},
	biburl    = {http://dblp.uni-trier.de/rec/bib/journals/corr/MikolovSCCD13},
	bibsource = {dblp computer science bibliography, http://dblp.org}
}

@article{nlp-scratch,
	author    = {Ronan Collobert and
	Jason Weston and
	L{\'{e}}on Bottou and
	Michael Karlen and
	Koray Kavukcuoglu and
	Pavel P. Kuksa},
	title     = {Natural Language Processing (almost) from Scratch},
	journal   = {CoRR},
	volume    = {abs/1103.0398},
	year      = {2011},
	url       = {http://arxiv.org/abs/1103.0398},
	timestamp = {Wed, 07 Jun 2017 14:43:14 +0200},
	biburl    = {http://dblp.uni-trier.de/rec/bib/journals/corr/abs-1103-0398},
	bibsource = {dblp computer science bibliography, http://dblp.org}
}

@inproceedings{socher2013recursive,
	title={Recursive deep models for semantic compositionality over a sentiment treebank},
	author={Socher, Richard and Perelygin, Alex and Wu, Jean Y and Chuang, Jason and Manning, Christopher D and Ng, Andrew Y and Potts, Christopher and others},
	booktitle={Proceedings of the conference on empirical methods in natural language processing (EMNLP)},
	volume={1631},
	pages={1642},
	year={2013}
}

@inproceedings{collobert2011torch7,
	title={Torch7: A matlab-like environment for machine learning},
	author={Collobert, Ronan and Kavukcuoglu, Koray and Farabet, Cl{\'e}ment},
	booktitle={BigLearn, NIPS Workshop},
	number={EPFL-CONF-192376},
	year={2011}
}

@article{tokenizerpart,
	title={Part-of-Speech Tagger, and Named Entity Recognizer. Downloaded from: h ttp},
	author={Tokenizer, Stanford},
	journal={nlp. stanford. edu/software}
}

@inproceedings{pang2002thumbs,
	title={Thumbs up?: sentiment classification using machine learning techniques},
	author={Pang, Bo and Lee, Lillian and Vaithyanathan, Shivakumar},
	booktitle={Proceedings of the ACL-02 conference on Empirical methods in natural language processing-Volume 10},
	pages={79--86},
	year={2002},
	organization={Association for Computational Linguistics}
}

@article{liu2012sentiment,
	title={Sentiment analysis and opinion mining},
	author={Liu, Bing},
	journal={Synthesis lectures on human language technologies},
	volume={5},
	number={1},
	pages={1--167},
	year={2012},
	publisher={Morgan \& Claypool Publishers}
}


@article{cho2014learning,
	title={Learning phrase representations using RNN encoder-decoder for statistical machine translation},
	author={Cho, Kyunghyun and Van Merri{\"e}nboer, Bart and Gulcehre, Caglar and Bahdanau, Dzmitry and Bougares, Fethi and Schwenk, Holger and Bengio, Yoshua},
	journal={arXiv preprint arXiv:1406.1078},
	year={2014}
}

@inproceedings{manning2014stanford,
	title={The stanford corenlp natural language processing toolkit.},
	author={Manning, Christopher D and Surdeanu, Mihai and Bauer, John and Finkel, Jenny Rose and Bethard, Steven and McClosky, David},
	booktitle={ACL (System Demonstrations)},
	pages={55--60},
	year={2014}
}

@book{chomsky2002syntactic,
	title={Syntactic structures},
	author={Chomsky, Noam},
	year={2002},
	publisher={Walter de Gruyter}
}

@inproceedings{nivre2016universal,
	title={Universal Dependencies v1: A Multilingual Treebank Collection.},
	author={Nivre, Joakim and de Marneffe, Marie-Catherine and Ginter, Filip and Goldberg, Yoav and Hajic, Jan and Manning, Christopher D and McDonald, Ryan T and Petrov, Slav and Pyysalo, Sampo and Silveira, Natalia and others},
	booktitle={LREC},
	year={2016}
}

%%
%% WinShell 3.3.2.6
%% http://www.winshell.org/
%%

% Strings


% Preamble


% BibTeX Entries
@MISC{Luong_betterword,
	author = {Minh-thang Luong and Richard Socher and Christopher D. Manning},
	title = {Better Word Representations with Recursive Neural Networks for Morphology},
	year = {}
}

@Inbook{noContextFree,
	author="Shieber, Stuart M.",
	editor="Savitch, Walter J.
	and Bach, Emmon
	and Marsh, William
	and Safran-Naveh, Gila",
	title="Evidence Against the Context-Freeness of Natural Language",
	bookTitle="The Formal Complexity of Natural Language",
	year="1987",
	publisher="Springer Netherlands",
	address="Dordrecht",
	pages="320--334",
	isbn="978-94-009-3401-6",
	doi="10.1007/978-94-009-3401-6_12",
	url="http://dx.doi.org/10.1007/978-94-009-3401-6_12"
}

@article{treeVSseq,
	author    = {Samuel R. Bowman and
	Christopher Potts and
	Christopher D. Manning},
	title     = {Recursive Neural Networks for Learning Logical Semantics},
	journal   = {CoRR},
	volume    = {abs/1406.1827},
	year      = {2014},
	url       = {http://arxiv.org/abs/1406.1827},
	timestamp = {Wed, 07 Jun 2017 14:43:02 +0200},
	biburl    = {http://dblp.uni-trier.de/rec/bib/journals/corr/BowmanPM14},
	bibsource = {dblp computer science bibliography, http://dblp.org}
}

@article{hardRNN,
	author    = {Razvan Pascanu and
	Tomas Mikolov and
	Yoshua Bengio},
	title     = {Understanding the exploding gradient problem},
	journal   = {CoRR},
	volume    = {abs/1211.5063},
	year      = {2012},
	url       = {http://arxiv.org/abs/1211.5063},
	timestamp = {Wed, 07 Jun 2017 14:40:40 +0200},
	biburl    = {http://dblp.uni-trier.de/rec/bib/journals/corr/abs-1211-5063},
	bibsource = {dblp computer science bibliography, http://dblp.org}
}

@article{Graves_Nature2016,
	abstract = {{Artificial neural networks are remarkably adept at sensory processing, sequence learning and reinforcement learning, but are limited in their ability to represent variables and data structures and to store data over long timescales, owing to the lack of an external memory. Here we introduce a machine learning model called a differentiable neural computer (DNC), which consists of a neural network that can read from and write to an external memory matrix, analogous to the random-access memory in a conventional computer. Like a conventional computer, it can use its memory to represent and manipulate complex data structures, but, like a neural network, it can learn to do so from data. When trained with supervised learning, we demonstrate that a DNC can successfully answer synthetic questions designed to emulate reasoning and inference problems in natural language. We show that it can learn tasks such as finding the shortest path between specified points and inferring the missing links in randomly generated graphs, and then generalize these tasks to specific graphs such as transport networks and family trees. When trained with reinforcement learning, a DNC can complete a moving blocks puzzle in which changing goals are specified by sequences of symbols. Taken together, our results demonstrate that DNCs have the capacity to solve complex, structured tasks that are inaccessible to neural networks without external read–write memory.}},
	author = {Graves, Alex and Wayne, Greg and Reynolds, Malcolm and Harley, Tim and Danihelka, Ivo and Grabska-Barwi\'{n}ska, Agnieszka and Colmenarejo, Sergio G. and Grefenstette, Edward and Ramalho, Tiago and Agapiou, John and Badia, Adri\`{a} P. and Hermann, Karl M. and Zwols, Yori and Ostrovski, Georg and Cain, Adam and King, Helen and Summerfield, Christopher and Blunsom, Phil and Kavukcuoglu, Koray and Hassabis, Demis},
	citeulike-article-id = {14160268},
	citeulike-linkout-0 = {http://dx.doi.org/10.1038/nature20101},
	citeulike-linkout-1 = {http://dx.doi.org/10.1038/nature20101},
	day = {12},
	doi = {10.1038/nature20101},
	issn = {0028-0836},
	journal = {Nature},
	keywords = {artificial\_intelligence, machine\_learning, neural\_computing, neural\_network},
	month = oct,
	number = {7626},
	pages = {471--476},
	posted-at = {2016-10-12 23:06:18},
	priority = {2},
	publisher = {Nature Research},
	title = {{Hybrid computing using a neural network with dynamic external memory}},
	url = {http://dx.doi.org/10.1038/nature20101},
	volume = {538},
	year = {2016}
}



@InProceedings{SemeEvalTask1,
	author    = {Marelli, Marco  and  Bentivogli, Luisa  and  Baroni, Marco  and  Bernardi, Raffaella  and  Menini, Stefano  and  Zamparelli, Roberto},
	title     = {SemEval-2014 Task 1: Evaluation of Compositional Distributional Semantic Models on Full Sentences through Semantic Relatedness and Textual Entailment},
	booktitle = {Proceedings of the 8th International Workshop on Semantic Evaluation (SemEval 2014)},
	month     = {August},
	year      = {2014},
	address   = {Dublin, Ireland},
	publisher = {Association for Computational Linguistics and Dublin City University},
	pages     = {1--8},
	url       = {http://www.aclweb.org/anthology/S14-2001}
}

@inproceedings{glove,
	author = {Jeffrey Pennington and Richard Socher and Christopher D. Manning},
	booktitle = {Empirical Methods in Natural Language Processing (EMNLP)},
	title = {GloVe: Global Vectors for Word Representation},
	year = {2014},
	pages = {1532--1543},
	url = {http://www.aclweb.org/anthology/D14-1162},
}

@article{dropout,
	author    = {Geoffrey E. Hinton and
	Nitish Srivastava and
	Alex Krizhevsky and
	Ilya Sutskever and
	Ruslan Salakhutdinov},
	title     = {Improving neural networks by preventing co-adaptation of feature detectors},
	journal   = {CoRR},
	volume    = {abs/1207.0580},
	year      = {2012},
	url       = {http://arxiv.org/abs/1207.0580},
	timestamp = {Wed, 07 Jun 2017 14:40:12 +0200},
	biburl    = {http://dblp.uni-trier.de/rec/bib/journals/corr/abs-1207-0580},
	bibsource = {dblp computer science bibliography, http://dblp.org}
}

@article{adagrad,
	author = {Duchi, John and Hazan, Elad and Singer, Yoram},
	title = {Adaptive Subgradient Methods for Online Learning and Stochastic Optimization},
	journal = {J. Mach. Learn. Res.},
	issue_date = {2/1/2011},
	volume = {12},
	month = jul,
	year = {2011},
	issn = {1532-4435},
	pages = {2121--2159},
	numpages = {39},
	url = {http://dl.acm.org/citation.cfm?id=1953048.2021068},
	acmid = {2021068},
	publisher = {JMLR.org},
}

@article{treeLSTM,
	author    = {Kai Sheng Tai and
	Richard Socher and
	Christopher D. Manning},
	title     = {Improved Semantic Representations From Tree-Structured Long Short-Term
	Memory Networks},
	journal   = {CoRR},
	volume    = {abs/1503.00075},
	year      = {2015},
	url       = {http://arxiv.org/abs/1503.00075},
	timestamp = {Wed, 07 Jun 2017 14:43:13 +0200},
	biburl    = {http://dblp.uni-trier.de/rec/bib/journals/corr/TaiSM15},
	bibsource = {dblp computer science bibliography, http://dblp.org}
}


@article{originLSTM,
	author = {Hochreiter, Sepp and Schmidhuber, J\"{u}rgen},
	title = {Long Short-Term Memory},
	journal = {Neural Comput.},
	issue_date = {November 15, 1997},
	volume = {9},
	number = {8},
	month = nov,
	year = {1997},
	issn = {0899-7667},
	pages = {1735--1780},
	numpages = {46},
	url = {http://dx.doi.org/10.1162/neco.1997.9.8.1735},
	doi = {10.1162/neco.1997.9.8.1735},
	acmid = {1246450},
	publisher = {MIT Press},
	address = {Cambridge, MA, USA},
}


@article{olah2016attention,
	author = {Olah, Chris and Carter, Shan},
	title = {Attention and Augmented Recurrent Neural Networks},
	journal = {Distill},
	year = {2016},
	url = {http://distill.pub/2016/augmented-rnns},
	doi = {10.23915/distill.00001}
}

@INPROCEEDINGS{GravesLSTM,
	author = {Alex Graves and Navdeep Jaitly and Abdel-rahman Mohamed},
	title = {Hybrid speech recognition with deep bidirectional LSTM},
	booktitle = {In IEEE Workshop on Automatic Speech Recognition and Understanding (ASRU},
	year = {2013}
}

@inproceedings{IrsoyDRNN,
	author = {\.{I}rsoy, Ozan and Cardie, Claire},
	title = {Deep Recursive Neural Networks for Compositionality in Language},
	booktitle = {Proceedings of the 27th International Conference on Neural Information Processing Systems},
	series = {NIPS'14},
	year = {2014},
	location = {Montreal, Canada},
	pages = {2096--2104},
	numpages = {9},
	url = {http://dl.acm.org/citation.cfm?id=2969033.2969061},
	acmid = {2969061},
	publisher = {MIT Press},
	address = {Cambridge, MA, USA},
}



@article{KimCNN,
	author    = {Yoon Kim},
	title     = {Convolutional Neural Networks for Sentence Classification},
	journal   = {CoRR},
	volume    = {abs/1408.5882},
	year      = {2014},
	url       = {http://arxiv.org/abs/1408.5882},
	timestamp = {Wed, 07 Jun 2017 14:40:07 +0200},
	biburl    = {http://dblp.uni-trier.de/rec/bib/journals/corr/Kim14f},
	bibsource = {dblp computer science bibliography, http://dblp.org}
}

@article{ParagraphVec,
	author    = {Quoc V. Le and
	Tomas Mikolov},
	title     = {Distributed Representations of Sentences and Documents},
	journal   = {CoRR},
	volume    = {abs/1405.4053},
	year      = {2014},
	url       = {http://arxiv.org/abs/1405.4053},
	timestamp = {Wed, 07 Jun 2017 14:42:08 +0200},
	biburl    = {http://dblp.uni-trier.de/rec/bib/journals/corr/LeM14},
	bibsource = {dblp computer science bibliography, http://dblp.org}
}

@article{DCNN,
	author    = {Nal Kalchbrenner and
	Edward Grefenstette and
	Phil Blunsom},
	title     = {A Convolutional Neural Network for Modelling Sentences},
	journal   = {CoRR},
	volume    = {abs/1404.2188},
	year      = {2014},
	url       = {http://arxiv.org/abs/1404.2188},
	timestamp = {Wed, 07 Jun 2017 14:42:24 +0200},
	biburl    = {http://dblp.uni-trier.de/rec/bib/journals/corr/KalchbrennerGB14},
	bibsource = {dblp computer science bibliography, http://dblp.org}
}



@inproceedings{socher2013recursive,
	title={Recursive deep models for semantic compositionality over a sentiment treebank},
	author={Socher, Richard and Perelygin, Alex and Wu, Jean Y and Chuang, Jason and Manning, Christopher D and Ng, Andrew Y and Potts, Christopher and others},
	booktitle={Proceedings of the conference on empirical methods in natural language processing (EMNLP)},
	volume={1631},
	pages={1642},
	year={2013}
}

@inproceedings{collobert2011torch7,
	title={Torch7: A matlab-like environment for machine learning},
	author={Collobert, Ronan and Kavukcuoglu, Koray and Farabet, Cl{\'e}ment},
	booktitle={BigLearn, NIPS Workshop},
	number={EPFL-CONF-192376},
	year={2011}
}

@article{tokenizerpart,
	title={Part-of-Speech Tagger, and Named Entity Recognizer. Downloaded from: h ttp},
	author={Tokenizer, Stanford},
	journal={nlp. stanford. edu/software}
}

@inproceedings{pang2002thumbs,
	title={Thumbs up?: sentiment classification using machine learning techniques},
	author={Pang, Bo and Lee, Lillian and Vaithyanathan, Shivakumar},
	booktitle={Proceedings of the ACL-02 conference on Empirical methods in natural language processing-Volume 10},
	pages={79--86},
	year={2002},
	organization={Association for Computational Linguistics}
}

@article{liu2012sentiment,
	title={Sentiment analysis and opinion mining},
	author={Liu, Bing},
	journal={Synthesis lectures on human language technologies},
	volume={5},
	number={1},
	pages={1--167},
	year={2012},
	publisher={Morgan \& Claypool Publishers}
}

@book{Goodfelloetal2016,
	title={Deep Learning},
	author={Ian Goodfellow and Yoshua Bengio and Aaron Courville},
	publisher={MIT Press},
	note={\url{http://www.deeplearningbook.org}},
	year={2016}
}

@article{cho2014learning,
	title={Learning phrase representations using RNN encoder-decoder for statistical machine translation},
	author={Cho, Kyunghyun and Van Merri{\"e}nboer, Bart and Gulcehre, Caglar and Bahdanau, Dzmitry and Bougares, Fethi and Schwenk, Holger and Bengio, Yoshua},
	journal={arXiv preprint arXiv:1406.1078},
	year={2014}
}

@inproceedings{manning2014stanford,
	title={The stanford corenlp natural language processing toolkit.},
	author={Manning, Christopher D and Surdeanu, Mihai and Bauer, John and Finkel, Jenny Rose and Bethard, Steven and McClosky, David},
	booktitle={ACL (System Demonstrations)},
	pages={55--60},
	year={2014}
}

@article{wieting2015towards,
	title={Towards universal paraphrastic sentence embeddings},
	author={Wieting, John and Bansal, Mohit and Gimpel, Kevin and Livescu, Karen},
	journal={arXiv preprint arXiv:1511.08198},
	year={2015}
}

@article{duchi2011adaptive,
	title={Adaptive subgradient methods for online learning and stochastic optimization},
	author={Duchi, John and Hazan, Elad and Singer, Yoram},
	journal={Journal of Machine Learning Research},
	volume={12},
	number={Jul},
	pages={2121--2159},
	year={2011}
}

@inproceedings{group-instance,
	author = {Kotzias, Dimitrios and Denil, Misha and de Freitas, Nando and Smyth, Padhraic},
	title = {From Group to Individual Labels Using Deep Features},
	booktitle = {Proceedings of the 21th ACM SIGKDD International Conference on Knowledge Discovery and Data Mining},
	series = {KDD '15},
	year = {2015},
	isbn = {978-1-4503-3664-2},
	location = {Sydney, NSW, Australia},
	pages = {597--606},
	numpages = {10},
	url = {http://doi.acm.org/10.1145/2783258.2783380},
	doi = {10.1145/2783258.2783380},
	acmid = {2783380},
	publisher = {ACM},
	address = {New York, NY, USA},
	keywords = {deep learning, multi-instance learning, sentiment analysis, unsupervised learning},
} 

@inproceedings{mcauley2013hidden,
	title={Hidden factors and hidden topics: understanding rating dimensions with review text},
	author={McAuley, Julian and Leskovec, Jure},
	booktitle={Proceedings of the 7th ACM conference on Recommender systems},
	pages={165--172},
	year={2013},
	organization={ACM}
}

@article{hahnloser2000digital,
	title={Digital selection and analogue amplification coexist in a cortex-inspired silicon circuit},
	author={Hahnloser, Richard HR and Sarpeshkar, Rahul and Mahowald, Misha A and Douglas, Rodney J and Seung, H Sebastian},
	journal={Nature},
	volume={405},
	number={6789},
	pages={947--951},
	year={2000},
	publisher={Nature Publishing Group},
	meow={Relu}
}

@inproceedings{krizhevsky2012imagenet,
	title={Imagenet classification with deep convolutional neural networks},
	author={Krizhevsky, Alex and Sutskever, Ilya and Hinton, Geoffrey E},
	booktitle={Advances in neural information processing systems},
	pages={1097--1105},
	year={2012}
}

@article{rumelhart1988learning,
	title={Learning representations by back-propagating errors},
	author={Rumelhart, David E and Hinton, Geoffrey E and Williams, Ronald J and others},
	journal={Cognitive modeling},
	volume={5},
	number={3},
	pages={1},
	year={1988}
}

@article{chollet2017keras,
	title={Keras (2015)},
	author={Chollet, Fran{\c{c}}ois},
	journal={URL http://keras. io},
	year={2017}
}

@inproceedings{jindal2006mining,
	title={Mining comparative sentences and relations},
	author={Jindal, Nitin and Liu, Bing},
	booktitle={AAAI},
	volume={22},
	pages={1331--1336},
	year={2006}
}
